Symbol,Side,Order Type,Time,Quantity,Price
TIAUSDT,BUY,LIMIT,1700989624366,62,5.9087282
TIAUSDT,SELL,LIMIT,1700990858375,3,5.6913046
TIAUSDT,SELL,LIMIT,1700990966386,861,5.6843037
TIAUSDT,SELL,LIMIT,1700990990498,333,5.6838998
TIAUSDT,SELL,LIMIT,1700991014317,88,5.6771688
TIAUSDT,SELL,LIMIT,1700991027933,459,5.6767197
TIAUSDT,SELL,LIMIT,1700991030101,102,5.6752957
TIAUSDT,SELL,LIMIT,1700991034381,4,5.6749714
TIAUSDT,SELL,LIMIT,1700991046608,7,5.6741822
TIAUSDT,SELL,LIMIT,1700991146049,399,5.6547430
TIAUSDT,SELL,LIMIT,1700991147238,70,5.6541659
TIAUSDT,SELL,LIMIT,1700991150936,875,5.6523702
TIAUSDT,SELL,LIMIT,1700991203015,592,5.6413846
TIAUSDT,SELL,LIMIT,1700991227838,863,5.6371808
TIAUSDT,SELL,LIMIT,1700994050594,435,5.6263481
TIAUSDT,SELL,LIMIT,1700994414095,100,5.6224594
TIAUSDT,SELL,LIMIT,1700995516469,3,5.6139353
TIAUSDT,SELL,LIMIT,1700995524236,4,5.6122761
TIAUSDT,SELL,LIMIT,1700995549153,6,5.6080459
TIAUSDT,SELL,LIMIT,1700995701805,854,5.5955538
TIAUSDT,SELL,LIMIT,1700995721680,18,5.5907664
TIAUSDT,SELL,LIMIT,1700995783294,86,5.5931685
TIAUSDT,SELL,LIMIT,1700995810289,175,5.5891654
TIAUSDT,SELL,LIMIT,1700995811364,40,5.5892492
TIAUSDT,SELL,LIMIT,1700995812406,175,5.5826822
TIAUSDT,SELL,LIMIT,1700995814076,3,5.5761841
TIAUSDT,SELL,LIMIT,1700995815082,35,5.5758187
TIAUSDT,SELL,LIMIT,1700995816353,40,5.5727166
TIAUSDT,SELL,LIMIT,1700995844244,221,5.5695718
TIAUSDT,SELL,LIMIT,1700995866780,166,5.5633508
TIAUSDT,SELL,LIMIT,1700995946069,36,5.5592437
TIAUSDT,SELL,LIMIT,1700996202359,37,5.5603332
TIAUSDT,SELL,LIMIT,1700997873304,591,5.5593827
TIAUSDT,SELL,LIMIT,1700997882142,5,5.5563810
TIAUSDT,SELL,LIMIT,1700997886605,132,5.5538743
TIAUSDT,SELL,LIMIT,1700997887664,699,5.5506767
TIAUSDT,SELL,LIMIT,1700997889699,497,5.5483018
TIAUSDT,SELL,LIMIT,1700997892090,152,5.5460180
TIAUSDT,SELL,LIMIT,1700997893186,9,5.5433884
TIAUSDT,SELL,LIMIT,1700999514177,66,5.5445995
TIAUSDT,SELL,LIMIT,1700999523603,39,5.5397398
TIAUSDT,SELL,LIMIT,1700999526386,2,5.5390844
TIAUSDT,SELL,LIMIT,1700999531232,3,5.5368777
TIAUSDT,SELL,LIMIT,1700999534115,26,5.5353207
TIAUSDT,SELL,LIMIT,1700999535459,8,5.5341321
TIAUSDT,SELL,LIMIT,1700999536463,176,5.5331437
TIAUSDT,SELL,LIMIT,1700999538059,1,5.5278044
TIAUSDT,SELL,LIMIT,1700999539144,15,5.5294670
TIAUSDT,SELL,LIMIT,1700999541157,1,5.5269810
TIAUSDT,SELL,LIMIT,1701000414421,438,5.5265628
TIAUSDT,SELL,LIMIT,1701000415724,199,5.5249950
TIAUSDT,SELL,LIMIT,1701000452181,203,5.5253865
TIAUSDT,SELL,LIMIT,1701000487056,536,5.5226860
TIAUSDT,SELL,LIMIT,1701000488230,1,5.5215976
TIAUSDT,SELL,LIMIT,1701000489733,203,5.5205537
TIAUSDT,SELL,LIMIT,1701000491187,148,5.5184899
TIAUSDT,SELL,LIMIT,1701000493186,10,5.5124516
TIAUSDT,SELL,LIMIT,1701000556293,28,5.5667576
TIAUSDT,SELL,LIMIT,1701001395390,71,5.5119722
TIAUSDT,SELL,LIMIT,1701001417873,17,5.5089794
TIAUSDT,SELL,LIMIT,1701001427255,30,5.5078629
TIAUSDT,SELL,LIMIT,1701001432935,122,5.5068184
TIAUSDT,SELL,LIMIT,1701001434036,22,5.5038708
TIAUSDT,SELL,LIMIT,1701001449796,17,5.5025127
TIAUSDT,SELL,LIMIT,1701001453946,11,5.5018804
TIAUSDT,SELL,LIMIT,1701001501615,50,5.4990251
TIAUSDT,SELL,LIMIT,1701001502602,40,5.4952892
TIAUSDT,SELL,LIMIT,1701001503554,80,5.4929134
TIAUSDT,SELL,LIMIT,1701001504380,1581,5.4659053
TIAUSDT,SELL,LIMIT,1701001505152,136,5.4883337
TIAUSDT,SELL,LIMIT,1701001506288,310,5.4896404
TIAUSDT,BUY,LIMIT,1701002223833,22,5.7112178
TIAUSDT,BUY,LIMIT,1701003788281,12,5.7300597
TIAUSDT,SELL,LIMIT,1701003894202,2,5.5543791
TIAUSDT,SELL,LIMIT,1701004637334,124,5.5283281
TIAUSDT,SELL,LIMIT,1701004704883,164,5.5165657
TIAUSDT,SELL,LIMIT,1701004705950,94,5.5133896
TIAUSDT,SELL,LIMIT,1701005064776,235,5.4910646
TIAUSDT,SELL,LIMIT,1701005463306,72,5.5036876
TIAUSDT,SELL,LIMIT,1701005990470,868,5.5073598
TIAUSDT,SELL,LIMIT,1701006207486,226,5.4861815
TIAUSDT,SELL,LIMIT,1701006335502,21,5.4891750
TIAUSDT,BUY,LIMIT,1701006845402,229,5.6957323
TIAUSDT,SELL,LIMIT,1701007506588,64,5.4852209
TIAUSDT,SELL,LIMIT,1701007508594,2,5.4833440
TIAUSDT,SELL,LIMIT,1701007522159,51,5.4811596
TIAUSDT,SELL,LIMIT,1701007526025,173,5.4797196
TIAUSDT,SELL,LIMIT,1701007530820,29,5.4792691
TIAUSDT,SELL,LIMIT,1701008026187,1,5.4754216
TIAUSDT,SELL,LIMIT,1701008031332,37,5.4744038
TIAUSDT,SELL,LIMIT,1701008032602,3,5.4732389
TIAUSDT,SELL,LIMIT,1701008176830,516,5.4711600
TIAUSDT,SELL,LIMIT,1701008179793,151,5.4706975
TIAUSDT,SELL,LIMIT,1701008180849,142,5.4702507
TIAUSDT,SELL,LIMIT,1701008182198,512,5.4920409
TIAUSDT,SELL,LIMIT,1701008184610,117,5.4689457
TIAUSDT,SELL,LIMIT,1701008225126,510,5.4669471
TIAUSDT,SELL,LIMIT,1701008226316,5,5.4681993
TIAUSDT,SELL,LIMIT,1701008227462,32,5.4627349
TIAUSDT,SELL,LIMIT,1701008229208,10,5.4549077
TIAUSDT,SELL,LIMIT,1701008233093,417,5.4513019
TIAUSDT,SELL,LIMIT,1701008239570,142,5.4501070
TIAUSDT,SELL,LIMIT,1701008242666,29,5.4482574
TIAUSDT,SELL,LIMIT,1701008413452,194,5.4513044
TIAUSDT,SELL,LIMIT,1701008417252,73,5.4457714
TIAUSDT,SELL,LIMIT,1701008430552,83,5.4449271
TIAUSDT,SELL,LIMIT,1701008433838,10,5.4448385
TIAUSDT,SELL,LIMIT,1701008444513,133,5.4404374
TIAUSDT,SELL,LIMIT,1701008446261,13,5.4382514
TIAUSDT,SELL,LIMIT,1701008448208,2,5.4735590
TIAUSDT,SELL,LIMIT,1701008449246,486,5.4354251
TIAUSDT,SELL,LIMIT,1701008450339,17,5.4320528
TIAUSDT,SELL,LIMIT,1701008453541,69,5.4274773
TIAUSDT,SELL,LIMIT,1701008484074,71,5.4267310
TIAUSDT,SELL,LIMIT,1701008485268,41,5.4266124
TIAUSDT,SELL,LIMIT,1701008741373,119,5.4613054
TIAUSDT,SELL,LIMIT,1701009008944,10,5.4375281
TIAUSDT,SELL,LIMIT,1701009254796,160,5.4279557
TIAUSDT,SELL,LIMIT,1701009263798,5,5.4245165
TIAUSDT,SELL,LIMIT,1701009276129,40,5.4228205
TIAUSDT,SELL,LIMIT,1701009282428,365,5.4204140
TIAUSDT,SELL,LIMIT,1701009283893,174,5.4193512
TIAUSDT,SELL,LIMIT,1701009285603,63,5.4306663
TIAUSDT,BUY,LIMIT,1701009288065,190,5.5206660
TIAUSDT,SELL,LIMIT,1701010393684,5,5.4382504
TIAUSDT,SELL,LIMIT,1701010485150,144,5.4297327
TIAUSDT,SELL,LIMIT,1701010526279,1,5.4219047
TIAUSDT,SELL,LIMIT,1701010536504,14,5.4169947
TIAUSDT,SELL,LIMIT,1701010537779,8,5.4126443
TIAUSDT,SELL,LIMIT,1701010913667,129,5.4146416
TIAUSDT,BUY,LIMIT,1701011129206,770,5.6287544
TIAUSDT,BUY,LIMIT,1701013131627,142,5.6245396
TIAUSDT,SELL,LIMIT,1701013426812,8,5.4663383
TIAUSDT,SELL,LIMIT,1701013684024,100,5.4553827
TIAUSDT,SELL,LIMIT,1701013818080,72,5.4376373
TIAUSDT,SELL,LIMIT,1701013835652,176,5.4358802
TIAUSDT,SELL,LIMIT,1701013871529,35,5.4369162
TIAUSDT,SELL,LIMIT,1701013948603,8,5.4303061
TIAUSDT,SELL,LIMIT,1701013959714,852,5.4285719
TIAUSDT,SELL,LIMIT,1701013987087,11,5.4277102
TIAUSDT,SELL,LIMIT,1701014016024,487,5.4253443
TIAUSDT,SELL,LIMIT,1701014040725,595,5.4255771
TIAUSDT,SELL,LIMIT,1701014057878,8,5.4232459
TIAUSDT,SELL,LIMIT,1701014061576,130,5.4226362
TIAUSDT,BUY,LIMIT,1701014627319,5,5.6474641
TIAUSDT,BUY,LIMIT,1701014631818,19,5.6514321
TIAUSDT,BUY,LIMIT,1701014635136,122,5.6526090
TIAUSDT,SELL,LIMIT,1701014921311,1,5.4747291
TIAUSDT,SELL,LIMIT,1701015331292,171,5.4380866
TIAUSDT,SELL,LIMIT,1701015640991,800,5.4364155
TIAUSDT,SELL,LIMIT,1701015669285,367,5.4332530
TIAUSDT,SELL,LIMIT,1701015672017,632,5.4308157
TIAUSDT,SELL,LIMIT,1701015674425,104,5.4291920
TIAUSDT,SELL,LIMIT,1701015682352,28,5.4284342
TIAUSDT,SELL,LIMIT,1701015685090,12,5.4251296
TIAUSDT,SELL,LIMIT,1701015736203,36,5.4211955
TIAUSDT,SELL,LIMIT,1701015742421,71,5.4188688
TIAUSDT,SELL,LIMIT,1701015747331,675,5.4148386
TIAUSDT,SELL,LIMIT,1701015750338,76,5.4093594
TIAUSDT,SELL,LIMIT,1701015751371,225,5.4089304
TIAUSDT,SELL,LIMIT,1701015752423,17,5.3943221
TIAUSDT,SELL,LIMIT,1701015757192,17,5.3895869
TIAUSDT,SELL,LIMIT,1701015758367,14,5.3885917
TIAUSDT,SELL,LIMIT,1701015759503,703,5.3848688
TIAUSDT,SELL,LIMIT,1701015760595,897,5.3829780
TIAUSDT,SELL,LIMIT,1701015761721,666,5.3822631
TIAUSDT,SELL,LIMIT,1701015806583,888,5.3876546
TIAUSDT,SELL,LIMIT,1701015869079,7,5.3839116
TIAUSDT,SELL,LIMIT,1701015872363,66,5.3812593
TIAUSDT,SELL,LIMIT,1701015874755,67,5.3790522
TIAUSDT,SELL,LIMIT,1701015876103,154,5.3786891
TIAUSDT,SELL,LIMIT,1701015877106,85,5.3749966
TIAUSDT,SELL,LIMIT,1701015878521,103,5.3734782
TIAUSDT,SELL,LIMIT,1701015887346,65,5.3717009
TIAUSDT,SELL,LIMIT,1701015904212,100,5.3675739
TIAUSDT,SELL,LIMIT,1701015905491,558,5.3635822
TIAUSDT,SELL,LIMIT,1701015906495,223,5.3585634
TIAUSDT,SELL,LIMIT,1701016005172,88,5.3574151
TIAUSDT,SELL,LIMIT,1701016007315,103,5.3564651
TIAUSDT,SELL,LIMIT,1701016013116,3,5.3738850
TIAUSDT,SELL,LIMIT,1701016017888,53,5.3624541
TIAUSDT,SELL,LIMIT,1701016020671,43,5.3549724
TIAUSDT,SELL,LIMIT,1701016024161,294,5.3524724
TIAUSDT,SELL,LIMIT,1701016026775,64,5.3534751
TIAUSDT,SELL,LIMIT,1701016028449,1,5.3517496
TIAUSDT,SELL,LIMIT,1701016029456,189,5.3506531
TIAUSDT,SELL,LIMIT,1701016030466,262,5.3474568
TIAUSDT,SELL,LIMIT,1701016031530,7,5.3477092
TIAUSDT,SELL,LIMIT,1701016032904,45,5.3434518
TIAUSDT,SELL,LIMIT,1701016034071,114,5.3418367
TIAUSDT,SELL,LIMIT,1701016035697,13,5.3413855
TIAUSDT,SELL,LIMIT,1701016037183,17,5.5920078
TIAUSDT,SELL,LIMIT,1701016038514,284,5.3370633
TIAUSDT,SELL,LIMIT,1701016039957,280,5.3343054
TIAUSDT,SELL,LIMIT,1701016041003,534,5.3337487
TIAUSDT,SELL,LIMIT,1701016042148,28,5.3303297
TIAUSDT,SELL,LIMIT,1701016043235,96,5.3301744
TIAUSDT,SELL,LIMIT,1701016044176,431,5.3055354
TIAUSDT,SELL,LIMIT,1701016045081,98,5.3067696
TIAUSDT,SELL,LIMIT,1701016045866,85,5.2861001
TIAUSDT,SELL,LIMIT,1701016047191,916,5.2862707
TIAUSDT,SELL,LIMIT,1701016047996,121,5.2910856
TIAUSDT,SELL,LIMIT,1701016051553,38,5.2845573
TIAUSDT,SELL,LIMIT,1701016055822,14,5.2850066
TIAUSDT,SELL,LIMIT,1701016076783,41,5.3072618
TIAUSDT,SELL,LIMIT,1701016079219,1362,5.2833672
TIAUSDT,SELL,LIMIT,1701016096191,169,5.2920317
TIAUSDT,SELL,LIMIT,1701016098817,185,5.2885059
TIAUSDT,SELL,LIMIT,1701016100480,17,5.2826419
TIAUSDT,SELL,LIMIT,1701016102464,305,5.2812220
TIAUSDT,SELL,LIMIT,1701016103260,362,5.2788387
TIAUSDT,SELL,LIMIT,1701016104700,3,5.2760259
TIAUSDT,SELL,LIMIT,1701016106662,618,5.2785048
TIAUSDT,SELL,LIMIT,1701016107840,74,5.2768144
TIAUSDT,BUY,LIMIT,1701016154359,69,5.4847195
TIAUSDT,BUY,LIMIT,1701016555267,734,5.4116751
TIAUSDT,BUY,LIMIT,1701016761743,8,5.5027388
TIAUSDT,BUY,LIMIT,1701016967913,106,5.5222170
TIAUSDT,SELL,LIMIT,1701017458728,853,5.3254026
TIAUSDT,SELL,LIMIT,1701017537783,16,5.3207277
TIAUSDT,BUY,LIMIT,1701017833029,119,5.5171180
TIAUSDT,BUY,LIMIT,1701018536625,6,5.5385505
TIAUSDT,SELL,LIMIT,1701019538469,1,5.3553348
TIAUSDT,SELL,LIMIT,1701020976854,395,5.3347904
TIAUSDT,SELL,LIMIT,1701021245045,15,5.3247762
TIAUSDT,SELL,LIMIT,1701021831022,27,5.3072310
TIAUSDT,BUY,LIMIT,1701022355697,8,5.5171316
TIAUSDT,SELL,LIMIT,1701023011950,31,5.3066672
TIAUSDT,SELL,LIMIT,1701023040173,551,5.3031758
TIAUSDT,SELL,LIMIT,1701023049651,13,5.2965837
TIAUSDT,SELL,LIMIT,1701023232428,926,5.2905316
TIAUSDT,SELL,LIMIT,1701023868725,48,5.3010731
TIAUSDT,SELL,LIMIT,1701024644872,369,5.2919741
TIAUSDT,BUY,LIMIT,1701025593306,14,5.4937737
TIAUSDT,SELL,LIMIT,1701026390114,1,5.2903511
TIAUSDT,SELL,LIMIT,1701026396677,28,5.2881790
TIAUSDT,SELL,LIMIT,1701026418132,8,5.2839146
TIAUSDT,SELL,LIMIT,1701026424382,70,5.2798067
TIAUSDT,SELL,LIMIT,1701026718377,332,5.2760010
TIAUSDT,SELL,LIMIT,1701027378886,3,5.2764847
TIAUSDT,BUY,LIMIT,1701028525260,35,5.4751511
TIAUSDT,SELL,LIMIT,1701029105518,2,5.3195951
TIAUSDT,SELL,LIMIT,1701029258310,7,5.2871397
TIAUSDT,SELL,LIMIT,1701029969102,17,5.2972316
TIAUSDT,BUY,LIMIT,1701030230427,44,5.4934816
TIAUSDT,SELL,LIMIT,1701031386684,7,5.3525738
TIAUSDT,BUY,LIMIT,1701031680390,65,5.5560571
TIAUSDT,BUY,LIMIT,1701031757347,93,5.5692034
TIAUSDT,BUY,LIMIT,1701031759051,398,5.5699936
TIAUSDT,BUY,LIMIT,1701031802184,924,5.5766224
TIAUSDT,BUY,LIMIT,1701031917061,117,5.5798216
TIAUSDT,BUY,LIMIT,1701031921312,181,5.5824000
TIAUSDT,SELL,LIMIT,1701032792990,65,5.3845780
TIAUSDT,SELL,LIMIT,1701032800378,95,5.3786742
TIAUSDT,SELL,LIMIT,1701032801724,490,5.3756395
TIAUSDT,SELL,LIMIT,1701033697240,4,5.3514527
TIAUSDT,SELL,LIMIT,1701033808451,90,5.3429341
TIAUSDT,BUY,LIMIT,1701036021113,18,5.5647074
TIAUSDT,BUY,LIMIT,1701036432705,298,5.5890771
TIAUSDT,BUY,LIMIT,1701036560152,33,5.5981023
TIAUSDT,BUY,LIMIT,1701038207172,35,5.5734664
TIAUSDT,SELL,LIMIT,1701039821750,9,5.3696355
TIAUSDT,SELL,LIMIT,1701039941348,726,5.3641480
TIAUSDT,SELL,LIMIT,1701042025323,1,5.3786899
TIAUSDT,BUY,LIMIT,1701042272903,438,5.5437012
TIAUSDT,SELL,LIMIT,1701043551975,15,5.3408380
TIAUSDT,SELL,LIMIT,1701043554118,789,5.3392154
TIAUSDT,BUY,LIMIT,1701043990248,576,5.5375212
TIAUSDT,BUY,LIMIT,1701044252169,284,5.5470768
TIAUSDT,BUY,LIMIT,1701044458219,57,5.5667339
TIAUSDT,BUY,LIMIT,1701044465974,22,5.5676569
TIAUSDT,BUY,LIMIT,1701044948325,1,5.5814202
TIAUSDT,BUY,LIMIT,1701045286067,8,5.5721944
TIAUSDT,SELL,LIMIT,1701046028849,31,5.3951158
TIAUSDT,SELL,LIMIT,1701048129444,3,5.4017191
TIAUSDT,SELL,LIMIT,1701048774313,286,5.3671544
TIAUSDT,SELL,LIMIT,1701048861373,363,5.3574637
TIAUSDT,SELL,LIMIT,1701048872776,317,5.3562533
TIAUSDT,SELL,LIMIT,1701050583137,17,5.3286871
TIAUSDT,SELL,LIMIT,1701050652190,15,5.3238067
TIAUSDT,SELL,LIMIT,1701050653261,28,5.3133842
TIAUSDT,SELL,LIMIT,1701050654429,828,5.3150124
TIAUSDT,SELL,LIMIT,1701051810956,19,5.3172040
TIAUSDT,SELL,LIMIT,1701051914175,20,5.3004709
TIAUSDT,SELL,LIMIT,1701051926824,13,5.2930801
TIAUSDT,SELL,LIMIT,1701053103351,24,5.2836632
TIAUSDT,BUY,LIMIT,1701053418480,619,5.4797076
TIAUSDT,SELL,LIMIT,1701054437580,129,5.2950595
TIAUSDT,SELL,LIMIT,1701054451364,186,5.2873891
TIAUSDT,SELL,LIMIT,1701054959531,5,5.3024521
TIAUSDT,BUY,LIMIT,1701055038747,85,5.4530874
TIAUSDT,SELL,LIMIT,1701055688571,13,5.2768375
TIAUSDT,SELL,LIMIT,1701055689987,279,5.2768861
TIAUSDT,SELL,LIMIT,1701055990131,910,5.2732499
TIAUSDT,SELL,LIMIT,1701055996568,357,5.2726012
TIAUSDT,SELL,LIMIT,1701056014574,52,5.2751368
TIAUSDT,SELL,LIMIT,1701056019262,95,5.2706463
TIAUSDT,SELL,LIMIT,1701056053384,30,5.2683017
TIAUSDT,SELL,LIMIT,1701056055134,18,5.2440924
TIAUSDT,SELL,LIMIT,1701056056169,17,5.2540997
TIAUSDT,SELL,LIMIT,1701056117912,164,5.2398061
TIAUSDT,SELL,LIMIT,1701056131556,129,5.2370152
TIAUSDT,SELL,LIMIT,1701056137382,228,5.2361540
TIAUSDT,SELL,LIMIT,1701056142114,2,5.2354036
TIAUSDT,SELL,LIMIT,1701056143250,6,5.2344918
TIAUSDT,SELL,LIMIT,1701056161996,920,5.2357475
TIAUSDT,BUY,LIMIT,1701056275160,53,5.4170722
TIAUSDT,SELL,LIMIT,1701058954742,18,5.2521137
TIAUSDT,SELL,LIMIT,1701058957244,18,5.2512302
TIAUSDT,BUY,LIMIT,1701059545192,13,5.4503567
TIAUSDT,BUY,LIMIT,1701059731279,45,5.4658220
TIAUSDT,BUY,LIMIT,1701060829099,150,5.4730058
TIAUSDT,BUY,LIMIT,1701060909915,171,5.4784102
TIAUSDT,BUY,LIMIT,1701061913180,352,5.5017886
TIAUSDT,BUY,LIMIT,1701061977101,931,5.5166454
TIAUSDT,SELL,LIMIT,1701063613221,82,5.3083763
TIAUSDT,SELL,LIMIT,1701063934346,849,5.3018611
