Symbol,Side,Order Type,Time,Quantity,Price
TIAUSDT,BUY,LIMIT,1701065640698,137,5.4984466
TIAUSDT,BUY,LIMIT,1701065779920,9,5.5105806
TIAUSDT,BUY,LIMIT,1701065799284,281,5.5171659
TIAUSDT,SELL,LIMIT,1701066994198,80,5.3204572
TIAUSDT,SELL,LIMIT,1701067582070,400,5.3141189
TIAUSDT,SELL,LIMIT,1701067747172,84,5.3027702
TIAUSDT,SELL,LIMIT,1701067751610,18,5.3265147
TIAUSDT,SELL,LIMIT,1701067863077,921,5.2887992
TIAUSDT,SELL,LIMIT,1701067868525,137,5.2777208
TIAUSDT,BUY,LIMIT,1701068020904,1,5.4318660
TIAUSDT,SELL,LIMIT,1701068114182,50,5.2513530
TIAUSDT,SELL,LIMIT,1701068126250,3,5.2512501
TIAUSDT,SELL,LIMIT,1701068157575,162,5.2365556
TIAUSDT,SELL,LIMIT,1701068160736,767,5.2344110
TIAUSDT,SELL,LIMIT,1701068166529,24,5.2325140
TIAUSDT,SELL,LIMIT,1701068173693,27,5.2316621
TIAUSDT,SELL,LIMIT,1701068175178,32,5.2299891
TIAUSDT,SELL,LIMIT,1701068190713,136,5.2291198
TIAUSDT,SELL,LIMIT,1701068194391,9,5.2276505
TIAUSDT,SELL,LIMIT,1701068252111,59,5.2132994
TIAUSDT,SELL,LIMIT,1701068253185,63,5.2224023
TIAUSDT,SELL,LIMIT,1701068254460,181,5.2087042
TIAUSDT,SELL,LIMIT,1701068290427,9,5.2003655
TIAUSDT,SELL,LIMIT,1701068292067,35,5.2003461
TIAUSDT,SELL,LIMIT,1701068293172,83,5.1995297
TIAUSDT,SELL,LIMIT,1701068294365,16,5.1994488
TIAUSDT,SELL,LIMIT,1701068355907,18,5.1992947
TIAUSDT,SELL,LIMIT,1701068816779,10,5.2097319
TIAUSDT,SELL,LIMIT,1701068862486,693,5.2059850
TIAUSDT,SELL,LIMIT,1701068887172,1,5.1981063
TIAUSDT,SELL,LIMIT,1701068888324,32,5.1961801
TIAUSDT,SELL,LIMIT,1701068894154,3,5.1943419
TIAUSDT,SELL,LIMIT,1701068896573,39,5.1942387
TIAUSDT,SELL,LIMIT,1701068912116,537,5.1930774
TIAUSDT,SELL,LIMIT,1701068913129,249,5.1910156
TIAUSDT,SELL,LIMIT,1701068914168,620,5.1892757
TIAUSDT,SELL,LIMIT,1701068915219,3,5.1852803
TIAUSDT,SELL,LIMIT,1701068917507,193,5.1870825
TIAUSDT,BUY,LIMIT,1701069015235,465,5.3777720
TIAUSDT,SELL,LIMIT,1701069139273,17,5.1972640
TIAUSDT,SELL,LIMIT,1701069193268,315,5.1860251
TIAUSDT,SELL,LIMIT,1701069194365,363,5.1844372
TIAUSDT,SELL,LIMIT,1701069195518,36,5.1774349
TIAUSDT,SELL,LIMIT,1701069196734,36,5.1759724
TIAUSDT,SELL,LIMIT,1701069226780,20,5.1740994
TIAUSDT,SELL,LIMIT,1701069228155,5,5.1729893
TIAUSDT,SELL,LIMIT,1701069294372,33,5.1745006
TIAUSDT,SELL,LIMIT,1701069315290,40,5.1709130
TIAUSDT,SELL,LIMIT,1701069316533,9,5.1674764
TIAUSDT,SELL,LIMIT,1701069318090,12,5.1639668
TIAUSDT,SELL,LIMIT,1701069319267,81,5.1619107
TIAUSDT,SELL,LIMIT,1701069323247,130,5.1596665
TIAUSDT,SELL,LIMIT,1701069325221,33,5.1570475
TIAUSDT,SELL,LIMIT,1701069328284,73,5.1565001
TIAUSDT,SELL,LIMIT,1701069329296,37,5.1555186
TIAUSDT,SELL,LIMIT,1701069429271,468,5.1860065
TIAUSDT,SELL,LIMIT,1701069456318,17,5.1662497
TIAUSDT,SELL,LIMIT,1701069481378,14,5.1533994
TIAUSDT,SELL,LIMIT,1701069483592,354,5.1507392
TIAUSDT,SELL,LIMIT,1701069484803,7,5.1500648
TIAUSDT,SELL,LIMIT,1701069486063,22,5.1467191
TIAUSDT,SELL,LIMIT,1701069492941,31,5.1469082
TIAUSDT,SELL,LIMIT,1701069495623,341,5.1452742
TIAUSDT,SELL,LIMIT,1701069507153,174,5.1411730
TIAUSDT,SELL,LIMIT,1701069508277,34,5.1408668
TIAUSDT,SELL,LIMIT,1701069511246,289,5.1399929
TIAUSDT,SELL,LIMIT,1701069512730,45,5.1398947
TIAUSDT,SELL,LIMIT,1701069515167,12,5.1380639
TIAUSDT,SELL,LIMIT,1701069516792,458,5.1372669
TIAUSDT,SELL,LIMIT,1701069518439,126,5.1347593
TIAUSDT,SELL,LIMIT,1701069520198,282,5.1337378
TIAUSDT,SELL,LIMIT,1701069522336,1,5.1334384
TIAUSDT,SELL,LIMIT,1701069523682,34,5.1299792
TIAUSDT,SELL,LIMIT,1701069526309,447,5.1278851
TIAUSDT,SELL,LIMIT,1701069529306,893,5.1252659
TIAUSDT,SELL,LIMIT,1701069535100,19,5.1238130
TIAUSDT,SELL,LIMIT,1701069536211,348,5.1220163
TIAUSDT,SELL,LIMIT,1701069537474,2,5.1173510
TIAUSDT,SELL,LIMIT,1701069539395,490,5.1160065
TIAUSDT,SELL,LIMIT,1701069546035,14,5.1186923
TIAUSDT,SELL,LIMIT,1701069547075,98,5.1140165
TIAUSDT,SELL,LIMIT,1701069548392,135,5.1134758
TIAUSDT,SELL,LIMIT,1701069549664,49,5.1086574
TIAUSDT,SELL,LIMIT,1701069550934,655,5.1081841
TIAUSDT,SELL,LIMIT,1701069555376,265,5.1045220
TIAUSDT,SELL,LIMIT,1701069557340,881,5.1044674
TIAUSDT,BUY,LIMIT,1701069629195,453,5.2844977
TIAUSDT,SELL,LIMIT,1701069637974,173,5.1171187
TIAUSDT,SELL,LIMIT,1701069797857,167,5.1270261
TIAUSDT,SELL,LIMIT,1701069801625,17,5.1235912
TIAUSDT,SELL,LIMIT,1701069808149,1,5.1227581
TIAUSDT,SELL,LIMIT,1701069831544,113,5.1163458
TIAUSDT,SELL,LIMIT,1701069849114,738,5.0958240
TIAUSDT,SELL,LIMIT,1701069850243,146,5.0925540
TIAUSDT,SELL,LIMIT,1701069852482,789,5.0915915
TIAUSDT,SELL,LIMIT,1701069855202,15,5.0904951
TIAUSDT,SELL,LIMIT,1701069856636,5,5.4454136
TIAUSDT,SELL,LIMIT,1701069861555,189,5.0884112
TIAUSDT,SELL,LIMIT,1701069867297,177,5.0829970
TIAUSDT,SELL,LIMIT,1701069868316,2,5.0838427
TIAUSDT,SELL,LIMIT,1701069880487,140,5.0785009
TIAUSDT,SELL,LIMIT,1701069882031,73,5.0785009
TIAUSDT,SELL,LIMIT,1701069883243,51,5.0769210
TIAUSDT,SELL,LIMIT,1701069884311,86,5.0754751
TIAUSDT,SELL,LIMIT,1701069885359,329,5.0747927
TIAUSDT,SELL,LIMIT,1701069887270,35,5.0767411
TIAUSDT,SELL,LIMIT,1701069890117,20,5.0747638
TIAUSDT,SELL,LIMIT,1701069896612,913,5.0677662
TIAUSDT,SELL,LIMIT,1701069898036,459,5.0659393
TIAUSDT,SELL,LIMIT,1701069901868,732,5.0663842
TIAUSDT,BUY,LIMIT,1701069985906,234,5.2605363
TIAUSDT,SELL,LIMIT,1701070170539,20,5.0834615
TIAUSDT,SELL,LIMIT,1701070172016,100,5.0834615
TIAUSDT,SELL,LIMIT,1701070173607,3,5.0785667
TIAUSDT,SELL,LIMIT,1701070355018,230,5.0964886
TIAUSDT,SELL,LIMIT,1701070356264,535,5.0916621
TIAUSDT,SELL,LIMIT,1701070439293,191,5.0761264
TIAUSDT,BUY,LIMIT,1701070470303,11,5.2558283
TIAUSDT,BUY,LIMIT,1701070489707,70,5.2616449
TIAUSDT,SELL,LIMIT,1701072095339,185,5.1200123
TIAUSDT,BUY,LIMIT,1701072767597,52,5.3129801
TIAUSDT,SELL,LIMIT,1701073111292,153,5.1504214
TIAUSDT,BUY,LIMIT,1701073799164,38,5.3610784
TIAUSDT,SELL,LIMIT,1701074566141,2,5.1743224
TIAUSDT,BUY,LIMIT,1701075956001,5,5.3672727
TIAUSDT,BUY,LIMIT,1701076026281,3,5.3778021
TIAUSDT,BUY,LIMIT,1701076357114,20,5.4180971
TIAUSDT,BUY,LIMIT,1701076465698,17,5.4277087
TIAUSDT,BUY,LIMIT,1701076528416,96,5.4394924
TIAUSDT,BUY,LIMIT,1701076618081,46,5.4610896
TIAUSDT,SELL,LIMIT,1701077127771,188,5.2575908
TIAUSDT,BUY,LIMIT,1701078489112,615,5.4659835
TIAUSDT,BUY,LIMIT,1701078544468,666,5.4713392
TIAUSDT,BUY,LIMIT,1701078580275,20,5.4802168
TIAUSDT,BUY,LIMIT,1701078622310,581,5.4849820
TIAUSDT,BUY,LIMIT,1701078660577,5,5.4904822
TIAUSDT,BUY,LIMIT,1701078765145,15,5.5113215
TIAUSDT,BUY,LIMIT,1701078821175,49,5.5212633
TIAUSDT,SELL,LIMIT,1701079122590,460,5.3204277
TIAUSDT,SELL,LIMIT,1701079708274,7,5.3116628
TIAUSDT,SELL,LIMIT,1701079760064,18,5.3061890
TIAUSDT,SELL,LIMIT,1701080610700,92,5.2713702
TIAUSDT,SELL,LIMIT,1701080787420,27,5.2770603
TIAUSDT,SELL,LIMIT,1701080955658,2,5.2852856
TIAUSDT,BUY,LIMIT,1701081084322,562,5.4624645
TIAUSDT,BUY,LIMIT,1701081247055,257,5.4721588
TIAUSDT,BUY,LIMIT,1701081364108,239,5.4918759
TIAUSDT,BUY,LIMIT,1701081367865,75,5.5031760
TIAUSDT,SELL,LIMIT,1701081487357,775,5.2952256
TIAUSDT,BUY,LIMIT,1701081499222,1,5.3082651
TIAUSDT,BUY,LIMIT,1701081650020,32,5.5102221
TIAUSDT,BUY,LIMIT,1701081728083,166,5.5260925
TIAUSDT,SELL,LIMIT,1701081976340,96,5.3109769
TIAUSDT,SELL,LIMIT,1701081982512,128,5.3065741
TIAUSDT,SELL,LIMIT,1701082451813,652,5.2714032
TIAUSDT,SELL,LIMIT,1701082470353,13,5.2658152
TIAUSDT,SELL,LIMIT,1701082728135,178,5.2391488
TIAUSDT,BUY,LIMIT,1701082824329,80,5.4457320
TIAUSDT,BUY,LIMIT,1701082833698,55,5.4532435
TIAUSDT,SELL,LIMIT,1701083753835,25,5.2862099
TIAUSDT,BUY,LIMIT,1701083912822,91,5.4980694
TIAUSDT,BUY,LIMIT,1701083923445,32,5.5019922
TIAUSDT,BUY,LIMIT,1701084957270,45,5.5151555
TIAUSDT,BUY,LIMIT,1701084968945,384,5.5275653
TIAUSDT,BUY,LIMIT,1701084976459,112,5.5384784
TIAUSDT,BUY,LIMIT,1701084991116,3,5.5411277
TIAUSDT,BUY,LIMIT,1701084993341,16,5.5475780
TIAUSDT,BUY,LIMIT,1701085024957,11,5.5500080
TIAUSDT,BUY,LIMIT,1701085027265,12,5.5519977
TIAUSDT,BUY,LIMIT,1701085030778,232,5.5570422
TIAUSDT,BUY,LIMIT,1701085062942,97,5.5700295
TIAUSDT,BUY,LIMIT,1701085242325,77,5.5792611
TIAUSDT,BUY,LIMIT,1701085250284,3,5.5795664
TIAUSDT,BUY,LIMIT,1701085638592,28,5.5926046
TIAUSDT,BUY,LIMIT,1701085692097,68,5.6046806
TIAUSDT,BUY,LIMIT,1701085693243,18,5.6062915
TIAUSDT,BUY,LIMIT,1701085769098,18,5.6097112
TIAUSDT,BUY,LIMIT,1701086267746,57,5.6270524
TIAUSDT,BUY,LIMIT,1701086268805,27,5.6279778
TIAUSDT,BUY,LIMIT,1701086280495,87,5.6340210
TIAUSDT,BUY,LIMIT,1701086281898,4,5.6364811
TIAUSDT,BUY,LIMIT,1701086283343,102,5.6377588
TIAUSDT,BUY,LIMIT,1701086351185,527,5.6426844
TIAUSDT,SELL,LIMIT,1701086455134,218,5.4462591
TIAUSDT,BUY,LIMIT,1701087348515,441,5.6447127
TIAUSDT,BUY,LIMIT,1701087357514,625,5.6496996
TIAUSDT,BUY,LIMIT,1701087368155,423,5.6554626
TIAUSDT,BUY,LIMIT,1701087377323,556,5.6580542
TIAUSDT,BUY,LIMIT,1701087477750,1,5.6642929
TIAUSDT,BUY,LIMIT,1701087511285,890,5.6970416
TIAUSDT,BUY,LIMIT,1701087512477,68,5.6960269
TIAUSDT,BUY,LIMIT,1701087514244,348,5.7016646
TIAUSDT,BUY,LIMIT,1701087516265,70,5.7087025
TIAUSDT,BUY,LIMIT,1701087522038,12,5.7111512
TIAUSDT,BUY,LIMIT,1701087572950,17,5.7238905
TIAUSDT,BUY,LIMIT,1701087575730,42,5.7245343
TIAUSDT,SELL,LIMIT,1701087877734,76,5.5182902
TIAUSDT,SELL,LIMIT,1701087879330,7,5.5166046
TIAUSDT,SELL,LIMIT,1701088206551,203,5.4686031
TIAUSDT,BUY,LIMIT,1701088276167,21,5.6719882
TIAUSDT,BUY,LIMIT,1701088932756,195,5.7073159
TIAUSDT,BUY,LIMIT,1701089015905,7,5.7103644
TIAUSDT,SELL,LIMIT,1701089694183,5,5.5217428
TIAUSDT,SELL,LIMIT,1701089843770,10,5.5009960
TIAUSDT,SELL,LIMIT,1701089847271,62,5.4993026
TIAUSDT,SELL,LIMIT,1701089875027,11,5.4842191
TIAUSDT,SELL,LIMIT,1701089927147,4,5.4776738
TIAUSDT,SELL,LIMIT,1701090103821,289,5.4674765
TIAUSDT,SELL,LIMIT,1701090411398,17,5.4561181
TIAUSDT,SELL,LIMIT,1701090414042,340,5.4484955
TIAUSDT,SELL,LIMIT,1701090415218,24,5.4506912
TIAUSDT,SELL,LIMIT,1701090595217,37,5.4285529
TIAUSDT,SELL,LIMIT,1701090948400,19,5.4097850
TIAUSDT,SELL,LIMIT,1701090969268,51,5.4091168
TIAUSDT,SELL,LIMIT,1701090976347,41,5.3921422
TIAUSDT,SELL,LIMIT,1701091107508,1,5.3862245
TIAUSDT,SELL,LIMIT,1701091123098,174,5.3801800
TIAUSDT,SELL,LIMIT,1701091153241,1,5.3781068
TIAUSDT,BUY,LIMIT,1701091162478,72,5.4726866
TIAUSDT,SELL,LIMIT,1701091163443,196,5.3724281
TIAUSDT,BUY,LIMIT,1701091495792,23,5.6343243
TIAUSDT,SELL,LIMIT,1701091595933,67,5.4357379
TIAUSDT,SELL,LIMIT,1701091904373,99,5.4142604
TIAUSDT,SELL,LIMIT,1701092033565,62,5.3934897
TIAUSDT,BUY,LIMIT,1701093215765,8,5.5727291
TIAUSDT,BUY,LIMIT,1701093241413,26,5.5918648
TIAUSDT,BUY,LIMIT,1701093277684,123,5.6089000
TIAUSDT,BUY,LIMIT,1701093453355,56,5.6392667
TIAUSDT,BUY,LIMIT,1701093805017,539,5.6624733
TIAUSDT,BUY,LIMIT,1701093814172,849,5.6640889
TIAUSDT,BUY,LIMIT,1701093861595,332,5.6851821
TIAUSDT,BUY,LIMIT,1701093874376,217,5.6957083
TIAUSDT,BUY,LIMIT,1701093877777,100,5.7004531
TIAUSDT,BUY,LIMIT,1701093884360,65,5.7030806
TIAUSDT,SELL,LIMIT,1701094138010,62,5.4877700
TIAUSDT,SELL,LIMIT,1701094435852,143,5.4624361
TIAUSDT,SELL,LIMIT,1701094482786,636,5.4506050
TIAUSDT,SELL,LIMIT,1701094820210,15,5.4727426
TIAUSDT,SELL,LIMIT,1701095372279,563,5.4442159
TIAUSDT,SELL,LIMIT,1701095597778,1,5.4502933
TIAUSDT,SELL,LIMIT,1701095611440,1,5.4295981
TIAUSDT,BUY,LIMIT,1701095678447,15,5.6217081
TIAUSDT,SELL,LIMIT,1701096158367,470,5.4136166
TIAUSDT,SELL,LIMIT,1701096775814,26,5.3751040
TIAUSDT,SELL,LIMIT,1701096798979,174,5.3733622
TIAUSDT,BUY,LIMIT,1701098189250,10,5.5691815
TIAUSDT,BUY,LIMIT,1701098518590,92,5.5872710
TIAUSDT,SELL,LIMIT,1701099015275,6,5.3713965
TIAUSDT,SELL,LIMIT,1701099205233,28,5.3575773
TIAUSDT,SELL,LIMIT,1701099269015,740,5.3489542
TIAUSDT,SELL,LIMIT,1701099773820,3,5.3358951
TIAUSDT,SELL,LIMIT,1701099778786,434,5.3338293
TIAUSDT,SELL,LIMIT,1701099785368,14,5.3334904
TIAUSDT,SELL,LIMIT,1701099790360,202,5.3303091
TIAUSDT,SELL,LIMIT,1701100088526,116,5.3311156
TIAUSDT,SELL,LIMIT,1701100184483,6,5.3232122
TIAUSDT,SELL,LIMIT,1701100188347,25,5.3201513
TIAUSDT,SELL,LIMIT,1701100214428,79,5.3138081
TIAUSDT,SELL,LIMIT,1701100219107,1529,5.2901633
TIAUSDT,SELL,LIMIT,1701100220195,319,5.3115380
TIAUSDT,SELL,LIMIT,1701100527479,3,5.3261635
TIAUSDT,BUY,LIMIT,1701100529751,87,5.4856799
TIAUSDT,SELL,LIMIT,1701100537249,71,5.3185076
TIAUSDT,SELL,LIMIT,1701100562556,3,5.3109461
TIAUSDT,SELL,LIMIT,1701100573835,42,5.3091290
TIAUSDT,SELL,LIMIT,1701100594387,17,5.3011718
TIAUSDT,SELL,LIMIT,1701100606047,171,5.3028710
TIAUSDT,SELL,LIMIT,1701100643057,53,5.2970346
TIAUSDT,SELL,LIMIT,1701100726804,62,5.2934908
TIAUSDT,SELL,LIMIT,1701100732204,20,5.2885804
TIAUSDT,SELL,LIMIT,1701100736134,349,5.2869586
TIAUSDT,SELL,LIMIT,1701100742221,4,5.2822202
TIAUSDT,SELL,LIMIT,1701100760819,29,5.2799023
TIAUSDT,SELL,LIMIT,1701100764322,1,5.2784335
TIAUSDT,SELL,LIMIT,1701100778021,44,5.2742437
TIAUSDT,SELL,LIMIT,1701100781859,4564,5.2251721
TIAUSDT,SELL,LIMIT,1701101007837,4,5.2897456
TIAUSDT,SELL,LIMIT,1701101021251,4,5.2941781
TIAUSDT,SELL,LIMIT,1701101078522,807,5.3012642
TIAUSDT,SELL,LIMIT,1701101185297,110,5.2790091
TIAUSDT,BUY,LIMIT,1701101873614,14,5.4980213
TIAUSDT,BUY,LIMIT,1701101911130,62,5.5158305
TIAUSDT,BUY,LIMIT,1701101937376,1,5.5320619
TIAUSDT,BUY,LIMIT,1701101938505,38,5.5347391
TIAUSDT,BUY,LIMIT,1701101940839,49,5.5345841
TIAUSDT,SELL,LIMIT,1701102093847,918,5.3211554
TIAUSDT,SELL,LIMIT,1701102130147,873,5.3078696
TIAUSDT,SELL,LIMIT,1701102131218,414,5.3079221
TIAUSDT,SELL,LIMIT,1701102255486,110,5.2911310
TIAUSDT,BUY,LIMIT,1701102295623,443,5.4711569
TIAUSDT,BUY,LIMIT,1701102448128,325,5.5113391
TIAUSDT,BUY,LIMIT,1701103075421,93,5.5462801
TIAUSDT,BUY,LIMIT,1701103105047,135,5.5623130
TIAUSDT,BUY,LIMIT,1701103127300,2,5.5708475
TIAUSDT,BUY,LIMIT,1701103156207,22,5.5722801
TIAUSDT,BUY,LIMIT,1701103162509,23,5.5800535
TIAUSDT,BUY,LIMIT,1701103240290,1,5.5954347
TIAUSDT,BUY,LIMIT,1701103245104,188,5.6024247
TIAUSDT,BUY,LIMIT,1701103251733,116,5.6041078
TIAUSDT,BUY,LIMIT,1701103282806,255,5.6173063
TIAUSDT,BUY,LIMIT,1701103308905,45,5.6264494
TIAUSDT,BUY,LIMIT,1701103311500,11,5.6288854
TIAUSDT,SELL,LIMIT,1701103338004,1,5.4765704
TIAUSDT,BUY,LIMIT,1701103455283,24,5.6421167
TIAUSDT,BUY,LIMIT,1701103461098,36,5.6463559
TIAUSDT,BUY,LIMIT,1701103469817,246,5.6476627
TIAUSDT,BUY,LIMIT,1701103516599,657,5.6687113
TIAUSDT,BUY,LIMIT,1701103525300,1236,5.6905537
TIAUSDT,BUY,LIMIT,1701103548297,21,5.6849195
TIAUSDT,BUY,LIMIT,1701103655268,108,5.6991464
TIAUSDT,BUY,LIMIT,1701103735040,75,5.7084759
TIAUSDT,BUY,LIMIT,1701103736337,14,5.7133389
TIAUSDT,BUY,LIMIT,1701104015981,19,5.7320607
TIAUSDT,BUY,LIMIT,1701104017016,26,5.7417257
TIAUSDT,BUY,LIMIT,1701104025017,37,5.7618700
TIAUSDT,BUY,LIMIT,1701104153798,15,5.7725462
TIAUSDT,BUY,LIMIT,1701104154918,174,5.7759431
TIAUSDT,BUY,LIMIT,1701104156170,892,5.7966553
TIAUSDT,BUY,LIMIT,1701104157773,484,5.8138521
TIAUSDT,BUY,LIMIT,1701104160528,396,5.8183926
TIAUSDT,BUY,LIMIT,1701104163108,19,5.8204157
TIAUSDT,BUY,LIMIT,1701104177575,64,5.8196224
TIAUSDT,BUY,LIMIT,1701104179111,1211,5.8427490
TIAUSDT,BUY,LIMIT,1701104198436,12,5.8489080
TIAUSDT,BUY,LIMIT,1701104200371,31,5.8536520
TIAUSDT,BUY,LIMIT,1701104205042,53,5.8579562
TIAUSDT,BUY,LIMIT,1701104211282,18,5.8685115
TIAUSDT,BUY,LIMIT,1701104212613,27,5.8725346
TIAUSDT,BUY,LIMIT,1701104214431,313,5.8753855
TIAUSDT,BUY,LIMIT,1701104216378,14,5.8788800
TIAUSDT,BUY,LIMIT,1701104219698,21,5.8876950
TIAUSDT,BUY,LIMIT,1701104222562,210,5.8993847
TIAUSDT,BUY,LIMIT,1701104316863,865,5.8920008
TIAUSDT,SELL,LIMIT,1701104421145,487,5.6683742
TIAUSDT,SELL,LIMIT,1701104425235,89,5.6629251
TIAUSDT,SELL,LIMIT,1701104458275,17,5.6471367
TIAUSDT,SELL,LIMIT,1701104459281,324,5.6446124
TIAUSDT,SELL,LIMIT,1701104470211,433,5.6309080
TIAUSDT,BUY,LIMIT,1701104760325,577,5.8486776
TIAUSDT,BUY,LIMIT,1701104762278,96,5.8513703
TIAUSDT,BUY,LIMIT,1701104770394,549,5.8551290
TIAUSDT,BUY,LIMIT,1701104782611,8,5.8660888
TIAUSDT,BUY,LIMIT,1701105021694,9,5.8232277
TIAUSDT,BUY,LIMIT,1701105213247,32,5.8410582
TIAUSDT,SELL,LIMIT,1701105458534,103,5.6191178
TIAUSDT,SELL,LIMIT,1701105484293,30,5.6120013
TIAUSDT,SELL,LIMIT,1701105491099,135,5.6078692
TIAUSDT,SELL,LIMIT,1701105497220,17,5.6029878
TIAUSDT,SELL,LIMIT,1701106020654,105,5.5944915
TIAUSDT,SELL,LIMIT,1701106024140,111,5.5914608
TIAUSDT,BUY,LIMIT,1701106177020,176,5.7917586
TIAUSDT,BUY,LIMIT,1701106179690,50,5.7933876
TIAUSDT,BUY,LIMIT,1701106249489,856,5.8211635
TIAUSDT,BUY,LIMIT,1701106251506,19,5.8230580
TIAUSDT,SELL,LIMIT,1701107150678,667,5.6061247
TIAUSDT,SELL,LIMIT,1701107152950,5,5.6230857
TIAUSDT,SELL,LIMIT,1701107409068,1,5.6086259
TIAUSDT,SELL,LIMIT,1701107420228,812,5.5946718
TIAUSDT,SELL,LIMIT,1701107461165,213,5.5880166
TIAUSDT,SELL,LIMIT,1701107464146,447,5.5861209
TIAUSDT,SELL,LIMIT,1701107479102,205,5.5778748
TIAUSDT,SELL,LIMIT,1701107563727,110,5.5705550
TIAUSDT,SELL,LIMIT,1701108352101,4,5.5611003
TIAUSDT,SELL,LIMIT,1701108354251,188,5.5585868
TIAUSDT,SELL,LIMIT,1701108355652,215,5.5562146
TIAUSDT,BUY,LIMIT,1701108972311,25,5.7553831
TIAUSDT,BUY,LIMIT,1701109399144,311,5.7551063
TIAUSDT,BUY,LIMIT,1701109892445,8,5.7555177
TIAUSDT,BUY,LIMIT,1701109933244,8,5.7809670
TIAUSDT,BUY,LIMIT,1701110265975,820,5.7675074
TIAUSDT,BUY,LIMIT,1701110416471,282,5.7838035
TIAUSDT,BUY,LIMIT,1701110430002,145,5.7895847
TIAUSDT,BUY,LIMIT,1701110562591,42,5.8063049
TIAUSDT,SELL,LIMIT,1701111127848,25,5.6092791
TIAUSDT,SELL,LIMIT,1701111130681,102,5.6083877
TIAUSDT,SELL,LIMIT,1701111168321,54,5.5946162
TIAUSDT,SELL,LIMIT,1701111176227,237,5.5862694
TIAUSDT,SELL,LIMIT,1701111196726,96,5.5815530
TIAUSDT,SELL,LIMIT,1701111199675,35,5.5811086
TIAUSDT,SELL,LIMIT,1701111208613,211,5.5750914
TIAUSDT,SELL,LIMIT,1701111216124,364,5.5695164
TIAUSDT,SELL,LIMIT,1701111222039,174,5.5683685
TIAUSDT,SELL,LIMIT,1701111239084,3,5.5632372
TIAUSDT,SELL,LIMIT,1701111241565,344,5.5956042
TIAUSDT,SELL,LIMIT,1701111243339,3,5.5576361
TIAUSDT,SELL,LIMIT,1701111244347,17,5.5520500
TIAUSDT,SELL,LIMIT,1701111253341,130,5.5397121
TIAUSDT,SELL,LIMIT,1701111260466,2,5.5310664
TIAUSDT,SELL,LIMIT,1701111262225,654,5.5245331
TIAUSDT,SELL,LIMIT,1701111272882,315,5.5204087
TIAUSDT,SELL,LIMIT,1701111274657,30,5.5175458
TIAUSDT,SELL,LIMIT,1701111576391,8,5.5105479
TIAUSDT,SELL,LIMIT,1701111611084,7,5.5202143
TIAUSDT,SELL,LIMIT,1701111647262,51,5.5054696
TIAUSDT,BUY,LIMIT,1701111702788,104,5.7031849
TIAUSDT,BUY,LIMIT,1701111877698,43,5.6996130
TIAUSDT,SELL,LIMIT,1701111925765,10,5.5284536
TIAUSDT,SELL,LIMIT,1701112049862,17,5.5021048
TIAUSDT,SELL,LIMIT,1701112053578,3,5.4993520
TIAUSDT,SELL,LIMIT,1701112056409,4,5.4946040
TIAUSDT,BUY,LIMIT,1701112240402,224,5.6850050
TIAUSDT,BUY,LIMIT,1701112482346,94,5.6999464
TIAUSDT,BUY,LIMIT,1701114163868,952,5.6912007
TIAUSDT,SELL,LIMIT,1701114192502,80,5.5116203
TIAUSDT,SELL,LIMIT,1701114204565,125,5.5054359
TIAUSDT,SELL,LIMIT,1701114217610,275,5.5015063
TIAUSDT,SELL,LIMIT,1701114230214,168,5.5025667
TIAUSDT,SELL,LIMIT,1701114237880,151,5.4925516
TIAUSDT,SELL,LIMIT,1701114263303,83,5.4925031
TIAUSDT,SELL,LIMIT,1701114264519,206,5.4838271
TIAUSDT,SELL,LIMIT,1701114266537,289,5.4693882
TIAUSDT,SELL,LIMIT,1701114268245,34,5.4625669
TIAUSDT,SELL,LIMIT,1701114275330,9,5.4606882
TIAUSDT,SELL,LIMIT,1701114277157,37,5.4574533
TIAUSDT,SELL,LIMIT,1701114278238,100,5.4580577
TIAUSDT,SELL,LIMIT,1701114352848,20,5.4616956
TIAUSDT,SELL,LIMIT,1701114471426,882,5.4661591
TIAUSDT,SELL,LIMIT,1701114474089,14,5.4650967
TIAUSDT,BUY,LIMIT,1701114511263,28,5.6364500
TIAUSDT,SELL,LIMIT,1701114523311,48,5.4564805
TIAUSDT,SELL,LIMIT,1701114545438,15,5.4521432
TIAUSDT,SELL,LIMIT,1701114567576,860,5.4431819
TIAUSDT,BUY,LIMIT,1701114801108,32,5.6708809
TIAUSDT,BUY,LIMIT,1701115749608,31,5.6986204
TIAUSDT,BUY,LIMIT,1701115802346,44,5.7123077
TIAUSDT,BUY,LIMIT,1701115885107,15,5.7204123
TIAUSDT,BUY,LIMIT,1701115978891,80,5.7245082
TIAUSDT,BUY,LIMIT,1701115995249,89,5.7319107
TIAUSDT,BUY,LIMIT,1701116001231,5,5.7325142
TIAUSDT,BUY,LIMIT,1701116302017,59,5.7485279
TIAUSDT,SELL,LIMIT,1701116585060,599,5.5475493
TIAUSDT,SELL,LIMIT,1701116711269,86,5.5413961
TIAUSDT,SELL,LIMIT,1701116761462,142,5.5449479
TIAUSDT,BUY,LIMIT,1701116779186,1,5.6491978
TIAUSDT,SELL,LIMIT,1701116836948,35,5.5182384
TIAUSDT,SELL,LIMIT,1701116842354,115,5.5169279
TIAUSDT,SELL,LIMIT,1701116900510,18,5.5099451
TIAUSDT,SELL,LIMIT,1701116905928,887,5.5090824
TIAUSDT,SELL,LIMIT,1701116907188,53,5.4995120
TIAUSDT,SELL,LIMIT,1701116981648,13,5.5190576
TIAUSDT,SELL,LIMIT,1701117137759,3,5.5311141
TIAUSDT,BUY,LIMIT,1701117217538,5,5.6675408
TIAUSDT,SELL,LIMIT,1701117285343,5,5.4937392
TIAUSDT,SELL,LIMIT,1701117407225,10,5.4981936
TIAUSDT,SELL,LIMIT,1701117615106,37,5.4834495
TIAUSDT,BUY,LIMIT,1701118280889,14,5.6756850
TIAUSDT,BUY,LIMIT,1701119525232,17,5.7078944
TIAUSDT,BUY,LIMIT,1701119552592,106,5.7312760
TIAUSDT,BUY,LIMIT,1701119604463,63,5.7455413
TIAUSDT,BUY,LIMIT,1701119677059,7,5.7535920
TIAUSDT,BUY,LIMIT,1701119691888,20,5.7576262
TIAUSDT,BUY,LIMIT,1701119988864,348,5.7733406
TIAUSDT,BUY,LIMIT,1701120826006,10,5.7644290
TIAUSDT,BUY,LIMIT,1701121032300,23,5.7906160
TIAUSDT,BUY,LIMIT,1701121054628,96,5.7964716
TIAUSDT,BUY,LIMIT,1701121297550,254,5.8102736
TIAUSDT,BUY,LIMIT,1701121310392,43,5.8125368
TIAUSDT,BUY,LIMIT,1701121350169,3,5.8207489
TIAUSDT,BUY,LIMIT,1701121380813,212,5.8240669
TIAUSDT,BUY,LIMIT,1701121390985,1,5.8314163
TIAUSDT,BUY,LIMIT,1701121395672,3,5.8341825
TIAUSDT,BUY,LIMIT,1701121404358,8,5.8368063
TIAUSDT,BUY,LIMIT,1701121653174,25,5.8455501
TIAUSDT,BUY,LIMIT,1701121667291,17,5.8479227
TIAUSDT,BUY,LIMIT,1701121679876,36,5.8522339
TIAUSDT,BUY,LIMIT,1701121687482,933,5.8704049
TIAUSDT,BUY,LIMIT,1701121692636,789,5.8666625
TIAUSDT,BUY,LIMIT,1701121694486,91,5.8687602
TIAUSDT,BUY,LIMIT,1701121730188,43,5.8615234
TIAUSDT,SELL,LIMIT,1701121766810,211,5.6890928
TIAUSDT,SELL,LIMIT,1701121834423,3,5.6911557
TIAUSDT,BUY,LIMIT,1701121973096,698,5.8741216
TIAUSDT,BUY,LIMIT,1701121974365,595,5.8762284
TIAUSDT,BUY,LIMIT,1701121981340,529,5.8794167
TIAUSDT,BUY,LIMIT,1701121985175,26,5.8801516
TIAUSDT,BUY,LIMIT,1701122034074,132,5.8817540
TIAUSDT,BUY,LIMIT,1701122039247,69,5.8823601
TIAUSDT,BUY,LIMIT,1701122068864,8,5.8871234
TIAUSDT,BUY,LIMIT,1701122071868,88,5.8906025
TIAUSDT,BUY,LIMIT,1701122420206,33,5.8948594
TIAUSDT,BUY,LIMIT,1701122432517,528,5.8992055
TIAUSDT,BUY,LIMIT,1701122438088,635,5.9018428
TIAUSDT,BUY,LIMIT,1701122462107,377,5.9033169
TIAUSDT,BUY,LIMIT,1701122466873,863,5.9084485
TIAUSDT,BUY,LIMIT,1701122473295,1,5.9097494
TIAUSDT,BUY,LIMIT,1701122483850,93,5.9162946
TIAUSDT,BUY,LIMIT,1701122485859,12,5.9172921
TIAUSDT,BUY,LIMIT,1701122501792,120,5.9240735
TIAUSDT,SELL,LIMIT,1701122677982,300,5.7091512
TIAUSDT,SELL,LIMIT,1701122770520,8,5.6945534
TIAUSDT,SELL,LIMIT,1701122792382,19,5.6940263
TIAUSDT,SELL,LIMIT,1701122837256,3,5.6710775
TIAUSDT,BUY,LIMIT,1701122958511,3,5.8750726
TIAUSDT,BUY,LIMIT,1701123169069,318,5.8455880
TIAUSDT,SELL,LIMIT,1701123403831,6,5.6632692
TIAUSDT,SELL,LIMIT,1701123406066,167,5.6577173
TIAUSDT,SELL,LIMIT,1701123408675,866,5.6536720
TIAUSDT,BUY,LIMIT,1701123560157,38,5.8514183
TIAUSDT,BUY,LIMIT,1701124943379,59,5.9075621
TIAUSDT,BUY,LIMIT,1701125181570,300,5.9260604
TIAUSDT,BUY,LIMIT,1701125183048,438,5.9307539
TIAUSDT,BUY,LIMIT,1701125184336,10,5.9310531
TIAUSDT,BUY,LIMIT,1701125207192,1,5.9404822
TIAUSDT,BUY,LIMIT,1701125209293,203,5.9498444
TIAUSDT,BUY,LIMIT,1701125210346,131,5.9556320
TIAUSDT,BUY,LIMIT,1701125211974,24,5.9580609
TIAUSDT,BUY,LIMIT,1701125573132,13,5.9493942
TIAUSDT,BUY,LIMIT,1701126305177,11,5.9621786
TIAUSDT,BUY,LIMIT,1701126347983,352,5.9644517
TIAUSDT,BUY,LIMIT,1701126357863,15,5.9655730
TIAUSDT,BUY,LIMIT,1701126438981,4,5.9743915
TIAUSDT,SELL,LIMIT,1701126574553,160,5.7981710
TIAUSDT,BUY,LIMIT,1701126623279,1,5.9843541
TIAUSDT,BUY,LIMIT,1701126640530,14,5.9829887
TIAUSDT,BUY,LIMIT,1701126794084,4,5.9933580
TIAUSDT,BUY,LIMIT,1701126797705,97,5.9936231
TIAUSDT,BUY,LIMIT,1701126802374,113,5.9959950
TIAUSDT,BUY,LIMIT,1701126834420,21,5.9936098
TIAUSDT,BUY,LIMIT,1701126981089,912,5.9997135
TIAUSDT,SELL,LIMIT,1701127053877,2,5.8205521
TIAUSDT,BUY,LIMIT,1701127058246,96,5.9988783
TIAUSDT,BUY,LIMIT,1701127208403,90,6.0022849
TIAUSDT,BUY,LIMIT,1701127211760,156,6.0029120
TIAUSDT,BUY,LIMIT,1701127348667,96,6.0148479
TIAUSDT,BUY,LIMIT,1701128299383,374,6.0109756
TIAUSDT,SELL,LIMIT,1701128573919,29,5.8007257
TIAUSDT,SELL,LIMIT,1701128580515,827,5.7954096
TIAUSDT,BUY,LIMIT,1701129063015,79,6.0118229
TIAUSDT,SELL,LIMIT,1701129794051,97,5.7745271
TIAUSDT,SELL,LIMIT,1701129824741,84,5.7644004
TIAUSDT,SELL,LIMIT,1701129827503,41,5.7546891
TIAUSDT,SELL,LIMIT,1701129848603,6,5.7532113
TIAUSDT,SELL,LIMIT,1701129944363,94,5.8000376
TIAUSDT,SELL,LIMIT,1701130288685,24,5.7470396
TIAUSDT,SELL,LIMIT,1701130298996,16,5.7433355
TIAUSDT,SELL,LIMIT,1701130552507,170,5.7220678
TIAUSDT,BUY,LIMIT,1701130845241,7,5.9270671
TIAUSDT,BUY,LIMIT,1701130860244,301,5.9380204
TIAUSDT,SELL,LIMIT,1701131151948,6,5.7314256
TIAUSDT,SELL,LIMIT,1701131200271,10,5.7151350
TIAUSDT,SELL,LIMIT,1701131714383,24,5.6986812
TIAUSDT,SELL,LIMIT,1701132022038,50,5.6896405
TIAUSDT,SELL,LIMIT,1701132023415,180,5.6918249
TIAUSDT,SELL,LIMIT,1701132739731,1,5.8943605
TIAUSDT,BUY,LIMIT,1701132924366,35,5.9015210
TIAUSDT,SELL,LIMIT,1701133665157,256,5.6874055
TIAUSDT,SELL,LIMIT,1701133669436,431,5.6851601
TIAUSDT,BUY,LIMIT,1701133962874,22,5.8890496
TIAUSDT,SELL,LIMIT,1701134350047,102,5.7133327
TIAUSDT,SELL,LIMIT,1701135052726,103,5.6919757
TIAUSDT,SELL,LIMIT,1701136264257,15,5.6734236
TIAUSDT,SELL,LIMIT,1701136282420,51,5.6726719
TIAUSDT,SELL,LIMIT,1701136283841,309,5.6713454
TIAUSDT,SELL,LIMIT,1701136290143,91,5.6701138
TIAUSDT,SELL,LIMIT,1701136650758,8,5.6659880
TIAUSDT,SELL,LIMIT,1701136658489,2,5.6617671
TIAUSDT,SELL,LIMIT,1701136676242,1,5.6610198
TIAUSDT,SELL,LIMIT,1701136730496,42,5.6584843
TIAUSDT,SELL,LIMIT,1701136731554,56,5.6562049
TIAUSDT,SELL,LIMIT,1701137008757,14,5.6516692
TIAUSDT,SELL,LIMIT,1701137024386,80,5.6371931
TIAUSDT,SELL,LIMIT,1701137028542,95,5.6284283
TIAUSDT,SELL,LIMIT,1701137199912,96,5.6267721
TIAUSDT,SELL,LIMIT,1701137202435,111,5.6246776
TIAUSDT,SELL,LIMIT,1701137207095,16,5.6241942
TIAUSDT,SELL,LIMIT,1701137214230,1,5.6216917
TIAUSDT,SELL,LIMIT,1701137236110,31,5.6174290
TIAUSDT,SELL,LIMIT,1701137239250,17,5.6169968
TIAUSDT,SELL,LIMIT,1701137242112,24,5.6119066
TIAUSDT,SELL,LIMIT,1701137389750,21,5.6096833
TIAUSDT,SELL,LIMIT,1701137394332,23,5.6082227
TIAUSDT,SELL,LIMIT,1701137401038,482,5.6065908
TIAUSDT,SELL,LIMIT,1701137431978,20,5.6017247
TIAUSDT,SELL,LIMIT,1701137478149,100,5.5976330
TIAUSDT,SELL,LIMIT,1701137482132,30,5.5954467
TIAUSDT,SELL,LIMIT,1701137487749,385,5.5944620
TIAUSDT,SELL,LIMIT,1701137489104,80,5.5892896
TIAUSDT,SELL,LIMIT,1701137731042,50,5.5859837
TIAUSDT,BUY,LIMIT,1701139008729,22,5.8107228
TIAUSDT,BUY,LIMIT,1701140840324,25,5.8129619
TIAUSDT,BUY,LIMIT,1701140966726,143,5.8427931
TIAUSDT,SELL,LIMIT,1701142564293,520,5.5792964
TIAUSDT,BUY,LIMIT,1701144624083,266,5.8191987
TIAUSDT,SELL,LIMIT,1701145092766,4,5.6241917
TIAUSDT,SELL,LIMIT,1701145168467,126,5.6049668
TIAUSDT,SELL,LIMIT,1701146013961,8,5.5815557
TIAUSDT,SELL,LIMIT,1701146057244,14,5.5761566
TIAUSDT,SELL,LIMIT,1701146531771,200,5.5706874
TIAUSDT,SELL,LIMIT,1701146534602,1,5.5683323
TIAUSDT,SELL,LIMIT,1701147872115,466,5.5586783
TIAUSDT,SELL,LIMIT,1701147874697,164,5.5577508
TIAUSDT,SELL,LIMIT,1701147877798,11,5.5552596
TIAUSDT,SELL,LIMIT,1701147880040,45,5.5548578
TIAUSDT,SELL,LIMIT,1701147881060,429,5.5461982
TIAUSDT,SELL,LIMIT,1701147886606,1,5.5435801
TIAUSDT,SELL,LIMIT,1701147891409,1,5.5454471
TIAUSDT,SELL,LIMIT,1701147962331,75,5.5422776
TIAUSDT,SELL,LIMIT,1701148007864,647,5.5402023
TIAUSDT,SELL,LIMIT,1701148011535,17,5.5361815
TIAUSDT,SELL,LIMIT,1701148122718,869,5.5293961
TIAUSDT,SELL,LIMIT,1701148129039,1,5.5211299
TIAUSDT,SELL,LIMIT,1701148133609,1066,5.5052469
TIAUSDT,SELL,LIMIT,1701148135315,6,5.5122208
TIAUSDT,SELL,LIMIT,1701148136616,74,5.5118438
TIAUSDT,SELL,LIMIT,1701148239713,25,5.5140301
TIAUSDT,SELL,LIMIT,1701148776593,4153,5.4642413
TIAUSDT,SELL,LIMIT,1701148787139,24,5.5061397
TIAUSDT,SELL,LIMIT,1701148848151,24,5.4921349
TIAUSDT,SELL,LIMIT,1701148850577,399,5.4827265
TIAUSDT,SELL,LIMIT,1701148854103,35,5.4800489
TIAUSDT,SELL,LIMIT,1701148967066,11,5.4759441
TIAUSDT,SELL,LIMIT,1701149063367,254,5.4791177
TIAUSDT,SELL,LIMIT,1701149271188,603,5.4717217
TIAUSDT,SELL,LIMIT,1701149273829,58,5.4697581
TIAUSDT,SELL,LIMIT,1701149480154,838,5.4777821
TIAUSDT,SELL,LIMIT,1701149497747,648,5.4672906
TIAUSDT,SELL,LIMIT,1701149502328,355,5.4647595
TIAUSDT,SELL,LIMIT,1701149567058,2,5.4632410
TIAUSDT,SELL,LIMIT,1701149568974,156,5.4628965
TIAUSDT,SELL,LIMIT,1701149575824,19,5.4623843
TIAUSDT,SELL,LIMIT,1701149577318,8,5.4597221
TIAUSDT,SELL,LIMIT,1701149624368,17,5.4619933
TIAUSDT,SELL,LIMIT,1701149716489,8,5.4558358
TIAUSDT,SELL,LIMIT,1701149771344,33,5.4509901
TIAUSDT,SELL,LIMIT,1701149780277,47,5.4479572
TIAUSDT,SELL,LIMIT,1701149781383,45,5.4478869
TIAUSDT,SELL,LIMIT,1701149786902,20,5.4462659
TIAUSDT,SELL,LIMIT,1701149837693,22,5.4432197
TIAUSDT,SELL,LIMIT,1701149841239,1,5.4328811
TIAUSDT,SELL,LIMIT,1701149842243,77,5.4369770
TIAUSDT,SELL,LIMIT,1701149844081,30,5.4214612
TIAUSDT,SELL,LIMIT,1701149892129,2,5.4299049
TIAUSDT,SELL,LIMIT,1701151259759,4,5.4404342
TIAUSDT,SELL,LIMIT,1701151263536,50,5.4389761
TIAUSDT,SELL,LIMIT,1701151273582,359,5.4449911
TIAUSDT,BUY,LIMIT,1701151696341,562,5.6490313
TIAUSDT,BUY,LIMIT,1701151823225,78,5.6725032
TIAUSDT,BUY,LIMIT,1701151893517,81,5.6918634
TIAUSDT,BUY,LIMIT,1701151897841,327,5.6983956
TIAUSDT,BUY,LIMIT,1701151942211,54,5.7091271
TIAUSDT,BUY,LIMIT,1701152006071,127,5.7281560
TIAUSDT,BUY,LIMIT,1701152029264,12,5.7288720
TIAUSDT,BUY,LIMIT,1701152045340,49,5.7479254
TIAUSDT,BUY,LIMIT,1701152145831,3,5.7398235
TIAUSDT,BUY,LIMIT,1701152261757,25,5.7594655
TIAUSDT,BUY,LIMIT,1701152282651,7,5.7812730
TIAUSDT,BUY,LIMIT,1701152448570,50,5.7915366
TIAUSDT,BUY,LIMIT,1701153266365,32,5.7924640
TIAUSDT,BUY,LIMIT,1701153268475,15,5.7976082
TIAUSDT,BUY,LIMIT,1701153278137,1,5.7988651
TIAUSDT,BUY,LIMIT,1701153283011,753,5.8051843
TIAUSDT,BUY,LIMIT,1701153287632,44,5.8139181
TIAUSDT,BUY,LIMIT,1701153293920,15,5.8197369
TIAUSDT,BUY,LIMIT,1701153296939,2,5.8287131
TIAUSDT,BUY,LIMIT,1701153297983,143,5.8408799
TIAUSDT,SELL,LIMIT,1701153670976,6,5.6296054
TIAUSDT,SELL,LIMIT,1701154174567,82,5.6066541
TIAUSDT,BUY,LIMIT,1701154432118,24,5.8027436
TIAUSDT,SELL,LIMIT,1701154574631,192,5.6148363
TIAUSDT,BUY,LIMIT,1701155151679,159,5.8013404
TIAUSDT,BUY,LIMIT,1701155159752,3,5.8086352
TIAUSDT,BUY,LIMIT,1701155175236,7,5.8178494
TIAUSDT,BUY,LIMIT,1701155197247,447,5.8319492
TIAUSDT,BUY,LIMIT,1701155206725,877,5.8348574
TIAUSDT,BUY,LIMIT,1701155224115,155,5.8476201
TIAUSDT,SELL,LIMIT,1701155412085,6,5.6333610
TIAUSDT,SELL,LIMIT,1701155525573,5,5.6107571
TIAUSDT,SELL,LIMIT,1701155529713,12,5.6071945
TIAUSDT,SELL,LIMIT,1701155655137,370,5.5915550
TIAUSDT,BUY,LIMIT,1701155740298,3,5.7729655
TIAUSDT,SELL,LIMIT,1701155840213,12,5.5795320
TIAUSDT,BUY,LIMIT,1701156348840,372,5.7929831
TIAUSDT,BUY,LIMIT,1701156509773,351,5.7652655
TIAUSDT,BUY,LIMIT,1701156619918,105,5.8190690
TIAUSDT,BUY,LIMIT,1701156624068,52,5.8514606
TIAUSDT,BUY,LIMIT,1701156625163,36,5.8511257
TIAUSDT,BUY,LIMIT,1701156628476,8,5.8535499
TIAUSDT,BUY,LIMIT,1701156645884,250,5.8695420
TIAUSDT,BUY,LIMIT,1701156647139,12,5.8889320
TIAUSDT,BUY,LIMIT,1701156648574,80,5.8907252
TIAUSDT,SELL,LIMIT,1701156916281,28,5.6868681
TIAUSDT,SELL,LIMIT,1701157175358,21,5.6889700
TIAUSDT,SELL,LIMIT,1701157317019,656,5.6606737
TIAUSDT,BUY,LIMIT,1701157981255,153,5.8595968
TIAUSDT,BUY,LIMIT,1701157982645,21,5.8691861
TIAUSDT,BUY,LIMIT,1701158014133,7,5.8778400
TIAUSDT,BUY,LIMIT,1701158026179,10,5.8887752
TIAUSDT,BUY,LIMIT,1701158053858,2,5.9036847
TIAUSDT,SELL,LIMIT,1701158676517,47,5.6894533
TIAUSDT,SELL,LIMIT,1701158724894,16,5.6825224
TIAUSDT,SELL,LIMIT,1701158745028,86,5.6755576
TIAUSDT,SELL,LIMIT,1701158837061,42,5.6612721
TIAUSDT,SELL,LIMIT,1701158894340,27,5.6493422
TIAUSDT,BUY,LIMIT,1701159730122,5,5.8330614
TIAUSDT,BUY,LIMIT,1701159755042,3,5.8436896
TIAUSDT,BUY,LIMIT,1701160294789,19,5.8748815
TIAUSDT,BUY,LIMIT,1701160348268,52,5.8965681
TIAUSDT,BUY,LIMIT,1701160369358,10,5.9066929
TIAUSDT,BUY,LIMIT,1701160372416,2,5.9245272
TIAUSDT,BUY,LIMIT,1701160457145,100,5.9123750
TIAUSDT,SELL,LIMIT,1701160840792,8,5.6931765
TIAUSDT,SELL,LIMIT,1701160928872,76,5.6780145
TIAUSDT,SELL,LIMIT,1701160949276,32,5.6655561
TIAUSDT,SELL,LIMIT,1701160972660,99,5.6472361
TIAUSDT,SELL,LIMIT,1701160979604,11,5.6440299
TIAUSDT,SELL,LIMIT,1701160984560,1,5.6395198
TIAUSDT,SELL,LIMIT,1701160990074,6,5.6385026
TIAUSDT,BUY,LIMIT,1701161659879,59,5.8379783
TIAUSDT,BUY,LIMIT,1701162969354,59,5.8577639
TIAUSDT,SELL,LIMIT,1701163376376,6,5.6602452
TIAUSDT,BUY,LIMIT,1701164362468,20,5.8805003
TIAUSDT,BUY,LIMIT,1701164473131,873,5.9014579
TIAUSDT,BUY,LIMIT,1701164730231,47,5.9019394
TIAUSDT,BUY,LIMIT,1701165030756,17,5.9137376
TIAUSDT,BUY,LIMIT,1701165080657,9,5.9188042
TIAUSDT,SELL,LIMIT,1701165860378,10,5.7066891
TIAUSDT,SELL,LIMIT,1701165875752,494,5.7061505
TIAUSDT,SELL,LIMIT,1701165906796,17,5.6999799
TIAUSDT,BUY,LIMIT,1701166151119,42,5.9191973
TIAUSDT,BUY,LIMIT,1701166153707,19,5.9240133
TIAUSDT,SELL,LIMIT,1701166353170,87,5.7176830
TIAUSDT,SELL,LIMIT,1701166369374,3,5.7154580
TIAUSDT,SELL,LIMIT,1701166386167,43,5.7130624
TIAUSDT,SELL,LIMIT,1701167103122,16,5.6938000
TIAUSDT,BUY,LIMIT,1701167564315,70,5.9097410
TIAUSDT,SELL,LIMIT,1701167740687,28,5.6866749
TIAUSDT,SELL,LIMIT,1701167748259,4,5.6777462
TIAUSDT,SELL,LIMIT,1701168268818,8,5.6697544
TIAUSDT,SELL,LIMIT,1701168344240,287,5.6553130
TIAUSDT,BUY,LIMIT,1701168956726,773,5.8524263
TIAUSDT,SELL,LIMIT,1701169558069,11,5.6376410
TIAUSDT,SELL,LIMIT,1701170090199,5,5.6363382
TIAUSDT,SELL,LIMIT,1701170137583,1,5.6327646
TIAUSDT,BUY,LIMIT,1701170471132,515,5.8610941
TIAUSDT,BUY,LIMIT,1701170483081,122,5.8795195
TIAUSDT,BUY,LIMIT,1701170484155,76,5.8734461
TIAUSDT,BUY,LIMIT,1701170526576,12,5.9238763
TIAUSDT,BUY,LIMIT,1701170569095,14,5.9339245
TIAUSDT,BUY,LIMIT,1701170571185,49,5.9474313
TIAUSDT,BUY,LIMIT,1701170572250,174,5.9545382
TIAUSDT,BUY,LIMIT,1701170574307,45,5.9630976
TIAUSDT,BUY,LIMIT,1701170575340,14,5.9638632
TIAUSDT,BUY,LIMIT,1701170579562,870,5.9716753
TIAUSDT,BUY,LIMIT,1701170582196,700,5.9721597
TIAUSDT,BUY,LIMIT,1701170583883,427,5.9750128
TIAUSDT,BUY,LIMIT,1701170585150,86,5.9750333
TIAUSDT,BUY,LIMIT,1701170587213,230,5.9800987
TIAUSDT,BUY,LIMIT,1701170588737,443,5.9851261
TIAUSDT,BUY,LIMIT,1701170591510,208,5.9879741
TIAUSDT,BUY,LIMIT,1701170594509,287,5.9907366
TIAUSDT,BUY,LIMIT,1701170634310,37,5.9996944
TIAUSDT,BUY,LIMIT,1701170650291,58,6.0038852
TIAUSDT,BUY,LIMIT,1701170652418,283,6.0087652
TIAUSDT,BUY,LIMIT,1701170653808,87,6.0113129
TIAUSDT,BUY,LIMIT,1701170715740,31,6.0150222
TIAUSDT,BUY,LIMIT,1701170726097,240,6.0283684
TIAUSDT,BUY,LIMIT,1701170727314,194,6.0247760
TIAUSDT,BUY,LIMIT,1701170728976,1,6.0331523
TIAUSDT,BUY,LIMIT,1701170732202,143,6.0341780
TIAUSDT,BUY,LIMIT,1701170735736,36,6.0352775
TIAUSDT,BUY,LIMIT,1701170866081,550,6.0299867
TIAUSDT,BUY,LIMIT,1701170876377,42,6.0335873
TIAUSDT,BUY,LIMIT,1701170878219,401,6.0421206
TIAUSDT,BUY,LIMIT,1701170880143,71,6.0454217
TIAUSDT,BUY,LIMIT,1701170882106,218,6.0516496
TIAUSDT,BUY,LIMIT,1701170883314,80,6.0517644
TIAUSDT,BUY,LIMIT,1701170884547,371,6.0544374
TIAUSDT,BUY,LIMIT,1701170941080,253,6.0677536
TIAUSDT,BUY,LIMIT,1701170942095,160,6.0771497
TIAUSDT,BUY,LIMIT,1701170944827,29,6.0797291
TIAUSDT,BUY,LIMIT,1701170948228,56,6.0806509
TIAUSDT,BUY,LIMIT,1701170949359,7,6.0824822
TIAUSDT,BUY,LIMIT,1701170956148,161,6.0908685
TIAUSDT,BUY,LIMIT,1701170957160,107,6.1085061
TIAUSDT,BUY,LIMIT,1701170958184,20,6.1075829
TIAUSDT,BUY,LIMIT,1701171020314,416,6.1204905
TIAUSDT,BUY,LIMIT,1701171021451,19,6.1216646
TIAUSDT,BUY,LIMIT,1701171022455,503,6.1377435
TIAUSDT,BUY,LIMIT,1701171024553,67,6.1490420
TIAUSDT,BUY,LIMIT,1701171026837,595,6.1522550
TIAUSDT,BUY,LIMIT,1701171030113,67,6.1618654
TIAUSDT,BUY,LIMIT,1701171031123,112,6.1735721
TIAUSDT,BUY,LIMIT,1701171032191,26,6.1718415
TIAUSDT,BUY,LIMIT,1701171041177,1,6.1969966
TIAUSDT,BUY,LIMIT,1701171042227,4,6.1881509
TIAUSDT,BUY,LIMIT,1701171043266,150,6.1979614
TIAUSDT,BUY,LIMIT,1701171048292,248,6.1988889
TIAUSDT,BUY,LIMIT,1701171070136,96,6.2046050
TIAUSDT,BUY,LIMIT,1701171071258,822,6.2046710
TIAUSDT,BUY,LIMIT,1701171073183,5,6.2071862
TIAUSDT,BUY,LIMIT,1701171076426,14,6.2129187
TIAUSDT,BUY,LIMIT,1701171077879,45,6.2220000
TIAUSDT,BUY,LIMIT,1701171078948,154,6.2292915
TIAUSDT,BUY,LIMIT,1701171083077,31,6.2292547
TIAUSDT,BUY,LIMIT,1701171084550,106,6.2326875
TIAUSDT,BUY,LIMIT,1701171085780,37,6.2369572
TIAUSDT,BUY,LIMIT,1701171089888,14,6.2398755
TIAUSDT,BUY,LIMIT,1701171091478,188,6.2415405
TIAUSDT,SELL,LIMIT,1701171115358,55,6.0149555
TIAUSDT,BUY,LIMIT,1701171155553,17,6.2417474
TIAUSDT,BUY,LIMIT,1701171192399,176,6.2465952
TIAUSDT,BUY,LIMIT,1701171193462,50,6.2511934
TIAUSDT,BUY,LIMIT,1701171194700,655,6.2559947
TIAUSDT,BUY,LIMIT,1701171198413,15,6.2571513
TIAUSDT,BUY,LIMIT,1701171201111,14,6.2592595
TIAUSDT,BUY,LIMIT,1701171213887,23,6.2623931
TIAUSDT,BUY,LIMIT,1701171217320,64,6.2648826
TIAUSDT,BUY,LIMIT,1701171219392,554,6.2671745
TIAUSDT,SELL,LIMIT,1701171318125,405,6.0465439
TIAUSDT,SELL,LIMIT,1701171341075,487,6.0347572
TIAUSDT,SELL,LIMIT,1701171412097,227,6.0210649
TIAUSDT,BUY,LIMIT,1701171461213,164,6.2416820
TIAUSDT,BUY,LIMIT,1701171464878,11,6.2567415
TIAUSDT,BUY,LIMIT,1701171469179,2,6.2684675
TIAUSDT,BUY,LIMIT,1701171470375,222,6.2697541
TIAUSDT,BUY,LIMIT,1701171476430,249,6.2823808
TIAUSDT,BUY,LIMIT,1701171477717,1,6.2863943
TIAUSDT,BUY,LIMIT,1701171479054,87,6.2872266
TIAUSDT,BUY,LIMIT,1701171480192,21,6.3043444
TIAUSDT,BUY,LIMIT,1701171481232,82,6.3006736
TIAUSDT,BUY,LIMIT,1701171483986,1,6.3057573
TIAUSDT,BUY,LIMIT,1701171486079,4,6.3132465
TIAUSDT,BUY,LIMIT,1701171487129,2,6.3157713
TIAUSDT,BUY,LIMIT,1701171488245,122,6.3178988
TIAUSDT,BUY,LIMIT,1701171493151,500,6.3209346
TIAUSDT,SELL,LIMIT,1701171516143,18,6.1013398
TIAUSDT,SELL,LIMIT,1701171770313,331,6.0506393
TIAUSDT,SELL,LIMIT,1701171894184,10,6.0415022
TIAUSDT,SELL,LIMIT,1701171897606,202,6.0326714
TIAUSDT,SELL,LIMIT,1701171910654,81,6.0278496
TIAUSDT,SELL,LIMIT,1701172103856,9,6.0040192
TIAUSDT,SELL,LIMIT,1701172175057,82,6.0010996
TIAUSDT,SELL,LIMIT,1701172190961,20,5.9953817
TIAUSDT,BUY,LIMIT,1701172260630,79,6.2097795
TIAUSDT,BUY,LIMIT,1701172507775,81,6.2170714
TIAUSDT,BUY,LIMIT,1701172511160,100,6.2200344
TIAUSDT,SELL,LIMIT,1701172709123,40,5.9908070
TIAUSDT,BUY,LIMIT,1701172853389,317,6.1984887
TIAUSDT,SELL,LIMIT,1701172934856,37,5.9851121
TIAUSDT,SELL,LIMIT,1701172936563,64,5.9792859
TIAUSDT,BUY,LIMIT,1701173162075,5,6.1798012
TIAUSDT,BUY,LIMIT,1701173751210,2,6.2066140
TIAUSDT,BUY,LIMIT,1701173805343,84,6.2441423
TIAUSDT,SELL,LIMIT,1701174336329,379,5.9778295
TIAUSDT,SELL,LIMIT,1701174339747,19,5.9735213
TIAUSDT,SELL,LIMIT,1701174343881,76,5.9669994
TIAUSDT,SELL,LIMIT,1701174522263,71,5.9581218
TIAUSDT,SELL,LIMIT,1701174524710,32,5.9545822
TIAUSDT,SELL,LIMIT,1701174533356,21,5.9515230
TIAUSDT,SELL,LIMIT,1701174552007,4,5.9468953
TIAUSDT,SELL,LIMIT,1701174554427,20,5.9441366
TIAUSDT,SELL,LIMIT,1701174559073,121,5.9396371
TIAUSDT,SELL,LIMIT,1701174563557,157,5.9365951
TIAUSDT,SELL,LIMIT,1701174566481,6,5.9329558
TIAUSDT,SELL,LIMIT,1701174586344,3,5.9392717
TIAUSDT,BUY,LIMIT,1701174768321,828,6.1485767
TIAUSDT,BUY,LIMIT,1701174899641,37,6.1645995
TIAUSDT,BUY,LIMIT,1701175006238,79,6.1702692
TIAUSDT,SELL,LIMIT,1701175278915,4,5.9979746
TIAUSDT,SELL,LIMIT,1701176031557,204,5.9859615
TIAUSDT,BUY,LIMIT,1701176358407,297,6.2109748
TIAUSDT,BUY,LIMIT,1701176362045,49,6.2210464
TIAUSDT,SELL,LIMIT,1701176700080,302,6.0008037
TIAUSDT,BUY,LIMIT,1701177123088,14,6.2266959
TIAUSDT,BUY,LIMIT,1701177153822,25,6.2312404
TIAUSDT,BUY,LIMIT,1701177173617,131,6.2475175
TIAUSDT,BUY,LIMIT,1701177175073,9,6.2524803
TIAUSDT,BUY,LIMIT,1701177177957,706,6.2592282
TIAUSDT,BUY,LIMIT,1701177188180,61,6.2627144
TIAUSDT,BUY,LIMIT,1701177191839,411,6.2711193
TIAUSDT,BUY,LIMIT,1701177195347,79,6.2770645
TIAUSDT,BUY,LIMIT,1701177204157,550,6.2958420
TIAUSDT,BUY,LIMIT,1701177205310,5,6.3017293
TIAUSDT,BUY,LIMIT,1701177209041,102,6.3079771
TIAUSDT,SELL,LIMIT,1701177514748,20,6.0589569
TIAUSDT,SELL,LIMIT,1701177542823,2,6.0508331
TIAUSDT,SELL,LIMIT,1701177596184,78,6.0366390
TIAUSDT,BUY,LIMIT,1701177952347,16,6.2844823
TIAUSDT,BUY,LIMIT,1701178312213,532,6.3007948
TIAUSDT,BUY,LIMIT,1701178375064,214,6.3138157
TIAUSDT,BUY,LIMIT,1701178379982,404,6.3152324
TIAUSDT,BUY,LIMIT,1701178381159,734,6.3167540
TIAUSDT,BUY,LIMIT,1701178565540,257,6.3197364
TIAUSDT,BUY,LIMIT,1701178567409,5,6.3325011
TIAUSDT,BUY,LIMIT,1701178568780,27,6.3465853
TIAUSDT,BUY,LIMIT,1701179072514,43,6.3427681
TIAUSDT,BUY,LIMIT,1701179124769,611,6.3491777
TIAUSDT,BUY,LIMIT,1701179138238,89,6.3578672
TIAUSDT,BUY,LIMIT,1701179141063,224,6.3662284
TIAUSDT,BUY,LIMIT,1701179142277,4,6.3606681
TIAUSDT,BUY,LIMIT,1701179143604,49,6.3681072
TIAUSDT,BUY,LIMIT,1701179153184,2,6.3695240
TIAUSDT,BUY,LIMIT,1701179395429,66,6.3505797
TIAUSDT,BUY,LIMIT,1701179403581,8,6.3743975
TIAUSDT,BUY,LIMIT,1701179427876,331,6.3840311
TIAUSDT,BUY,LIMIT,1701179429239,337,6.3863958
TIAUSDT,BUY,LIMIT,1701179545484,62,6.3927502
TIAUSDT,BUY,LIMIT,1701179546611,624,6.4029409
TIAUSDT,BUY,LIMIT,1701179626511,152,6.4056062
TIAUSDT,BUY,LIMIT,1701179629697,30,6.4064854
TIAUSDT,BUY,LIMIT,1701179639050,106,6.4080168
TIAUSDT,BUY,LIMIT,1701179684498,159,6.4116782
TIAUSDT,BUY,LIMIT,1701179693147,1,6.4140192
TIAUSDT,BUY,LIMIT,1701179697936,72,6.4148508
