Symbol,Side,Order Type,Time,Quantity,Price
TIAUSDT,SELL,LIMIT,1700845613391,41,5.4436571
TIAUSDT,BUY,LIMIT,1700845784861,396,5.6090664
TIAUSDT,BUY,LIMIT,1700845803511,11,5.6108969
TIAUSDT,BUY,LIMIT,1700845804893,13,5.6126929
TIAUSDT,SELL,LIMIT,1700848499855,94,5.4201841
TIAUSDT,SELL,LIMIT,1700848691314,28,5.4327704
TIAUSDT,SELL,LIMIT,1700848822070,67,5.4181443
TIAUSDT,SELL,LIMIT,1700848852611,524,5.4197045
TIAUSDT,SELL,LIMIT,1700848880329,64,5.4076587
TIAUSDT,SELL,LIMIT,1700848894139,100,5.4057375
TIAUSDT,SELL,LIMIT,1700848897117,162,5.4046634
TIAUSDT,SELL,LIMIT,1700848898120,70,5.3995942
TIAUSDT,SELL,LIMIT,1700848907724,226,5.3961785
TIAUSDT,SELL,LIMIT,1700848927284,561,5.3937166
TIAUSDT,BUY,LIMIT,1700849241250,2,5.5903872
TIAUSDT,SELL,LIMIT,1700849712097,40,5.4161344
TIAUSDT,SELL,LIMIT,1700849721599,12,5.4128136
TIAUSDT,SELL,LIMIT,1700851850172,124,5.3996916
TIAUSDT,SELL,LIMIT,1700852085426,870,5.3879110
TIAUSDT,SELL,LIMIT,1700852087700,55,5.3787390
TIAUSDT,SELL,LIMIT,1700852090653,1,5.3766171
TIAUSDT,SELL,LIMIT,1700852097108,1,5.3757429
TIAUSDT,SELL,LIMIT,1700852171568,29,5.3730157
TIAUSDT,SELL,LIMIT,1700852747086,210,5.3791892
TIAUSDT,SELL,LIMIT,1700852804761,539,5.3752405
TIAUSDT,SELL,LIMIT,1700852942410,7,5.3722458
TIAUSDT,SELL,LIMIT,1700852947070,29,5.3719932
TIAUSDT,SELL,LIMIT,1700852960904,113,5.3696470
TIAUSDT,SELL,LIMIT,1700852965332,82,5.3626261
TIAUSDT,SELL,LIMIT,1700853908262,4,5.3590541
TIAUSDT,SELL,LIMIT,1700853909488,5,5.3558188
TIAUSDT,SELL,LIMIT,1700854387090,68,5.3472360
TIAUSDT,SELL,LIMIT,1700854388139,77,5.3470127
TIAUSDT,SELL,LIMIT,1700855695314,106,5.3530301
TIAUSDT,SELL,LIMIT,1700856897424,375,5.3809718
TIAUSDT,BUY,LIMIT,1700857423261,230,5.5405734
TIAUSDT,BUY,LIMIT,1700857503354,45,5.5462784
TIAUSDT,BUY,LIMIT,1700857695292,41,5.5558490
TIAUSDT,BUY,LIMIT,1700858417366,5,5.5594087
TIAUSDT,BUY,LIMIT,1700858572604,35,5.5698468
TIAUSDT,BUY,LIMIT,1700858650735,406,5.5711905
TIAUSDT,BUY,LIMIT,1700859044862,6,5.5782849
TIAUSDT,BUY,LIMIT,1700859154404,919,5.5993954
TIAUSDT,BUY,LIMIT,1700859312531,11,5.6054898
TIAUSDT,BUY,LIMIT,1700859447439,5,5.6145333
TIAUSDT,BUY,LIMIT,1700859709763,109,5.6224315
TIAUSDT,BUY,LIMIT,1700860203377,134,5.6249634
TIAUSDT,BUY,LIMIT,1700860211432,18,5.6278682
TIAUSDT,BUY,LIMIT,1700860287768,135,5.6331636
TIAUSDT,BUY,LIMIT,1700860306674,146,5.6412062
TIAUSDT,BUY,LIMIT,1700860481192,27,5.6522290
TIAUSDT,BUY,LIMIT,1700860549273,1,5.6554958
TIAUSDT,BUY,LIMIT,1700860556245,4,5.6610268
TIAUSDT,BUY,LIMIT,1700860632181,371,5.6633636
TIAUSDT,BUY,LIMIT,1700860824054,72,5.6728836
TIAUSDT,BUY,LIMIT,1700861315362,1,5.6865429
TIAUSDT,BUY,LIMIT,1700861565427,43,5.7008063
TIAUSDT,BUY,LIMIT,1700861667119,16,5.7148209
TIAUSDT,BUY,LIMIT,1700861672897,73,5.7168127
TIAUSDT,BUY,LIMIT,1700861680274,9,5.7218476
TIAUSDT,BUY,LIMIT,1700861748172,156,5.7250789
TIAUSDT,BUY,LIMIT,1700861833201,59,5.7329618
TIAUSDT,BUY,LIMIT,1700861866977,75,5.7413443
TIAUSDT,BUY,LIMIT,1700861868625,30,5.7420071
TIAUSDT,BUY,LIMIT,1700861873197,241,5.7442910
TIAUSDT,BUY,LIMIT,1700861911620,24,5.7529921
TIAUSDT,BUY,LIMIT,1700862060878,17,5.7618700
TIAUSDT,SELL,LIMIT,1700862126343,88,5.5574591
TIAUSDT,SELL,LIMIT,1700862129218,41,5.5553079
TIAUSDT,SELL,LIMIT,1700862161236,21,5.5466209
TIAUSDT,SELL,LIMIT,1700862168796,340,5.5354339
TIAUSDT,BUY,LIMIT,1700862298060,80,5.7427109
TIAUSDT,BUY,LIMIT,1700862328329,355,5.7465128
TIAUSDT,BUY,LIMIT,1700862577765,20,5.7682520
TIAUSDT,BUY,LIMIT,1700862579682,3,5.7695664
TIAUSDT,BUY,LIMIT,1700862638385,279,5.7732239
TIAUSDT,BUY,LIMIT,1700862641653,2,5.7740665
TIAUSDT,SELL,LIMIT,1700862923249,288,5.5781090
TIAUSDT,SELL,LIMIT,1700863126370,166,5.5439294
TIAUSDT,SELL,LIMIT,1700863304185,270,5.5377698
TIAUSDT,SELL,LIMIT,1700863326045,788,5.5281985
TIAUSDT,SELL,LIMIT,1700863487992,5,5.5200761
TIAUSDT,SELL,LIMIT,1700863539884,42,5.5130802
TIAUSDT,SELL,LIMIT,1700863543308,193,5.5051389
TIAUSDT,SELL,LIMIT,1700863788284,22,5.4953934
TIAUSDT,SELL,LIMIT,1700863822985,913,5.4837676
TIAUSDT,SELL,LIMIT,1700863952456,895,5.4609878
TIAUSDT,SELL,LIMIT,1700864402679,1,5.4517457
TIAUSDT,SELL,LIMIT,1700864421286,222,5.4499120
TIAUSDT,SELL,LIMIT,1700864801417,63,5.4549602
TIAUSDT,BUY,LIMIT,1700865281821,76,5.6517346
TIAUSDT,BUY,LIMIT,1700865284665,171,5.6543359
TIAUSDT,SELL,LIMIT,1700865546066,44,5.5147478
TIAUSDT,SELL,LIMIT,1700866989547,17,5.4181010
TIAUSDT,SELL,LIMIT,1700866994142,9,5.4099592
TIAUSDT,SELL,LIMIT,1700867051084,17,5.4008092
TIAUSDT,SELL,LIMIT,1700867060210,31,5.3999385
TIAUSDT,SELL,LIMIT,1700867071526,56,5.3917916
TIAUSDT,SELL,LIMIT,1700867081886,60,5.3907617
TIAUSDT,SELL,LIMIT,1700867145575,447,5.3886340
TIAUSDT,SELL,LIMIT,1700867177289,24,5.3870925
TIAUSDT,SELL,LIMIT,1700867181100,39,5.3956108
TIAUSDT,SELL,LIMIT,1700867182440,12,5.3835479
TIAUSDT,SELL,LIMIT,1700867201091,278,5.3958788
TIAUSDT,SELL,LIMIT,1700867207619,52,5.3908977
TIAUSDT,SELL,LIMIT,1700867344334,18,5.3764761
TIAUSDT,SELL,LIMIT,1700867378922,2,5.3676851
TIAUSDT,SELL,LIMIT,1700867473171,530,5.3777682
TIAUSDT,SELL,LIMIT,1700867658472,549,5.3651613
TIAUSDT,SELL,LIMIT,1700867664748,1,5.3638935
TIAUSDT,SELL,LIMIT,1700870508126,81,5.4252013
TIAUSDT,SELL,LIMIT,1700870611702,6,5.4070558
TIAUSDT,SELL,LIMIT,1700870647167,17,5.3945391
TIAUSDT,BUY,LIMIT,1700870954236,22,5.6233605
TIAUSDT,BUY,LIMIT,1700872417953,89,5.6193476
TIAUSDT,SELL,LIMIT,1700872530179,6,5.4801508
TIAUSDT,BUY,LIMIT,1700872572335,37,5.6371050
TIAUSDT,BUY,LIMIT,1700873007498,68,5.6565446
TIAUSDT,BUY,LIMIT,1700873112466,39,5.6693827
TIAUSDT,BUY,LIMIT,1700873234129,8,5.6940102
TIAUSDT,BUY,LIMIT,1700873244455,30,5.7005527
TIAUSDT,BUY,LIMIT,1700873265834,2,5.7032381
TIAUSDT,BUY,LIMIT,1700874094795,3,5.7052623
TIAUSDT,BUY,LIMIT,1700874673753,224,5.7098911
TIAUSDT,BUY,LIMIT,1700875558187,18,5.7233079
TIAUSDT,BUY,LIMIT,1700875563413,547,5.7249610
TIAUSDT,BUY,LIMIT,1700875566243,446,5.7266869
TIAUSDT,BUY,LIMIT,1700875577660,521,5.7322049
TIAUSDT,SELL,LIMIT,1700877114724,29,5.5342541
TIAUSDT,SELL,LIMIT,1700877272222,3,5.5266584
TIAUSDT,BUY,LIMIT,1700877762693,906,5.7018860
TIAUSDT,BUY,LIMIT,1700877822146,242,5.7413010
TIAUSDT,BUY,LIMIT,1700877837316,7,5.7482522
TIAUSDT,BUY,LIMIT,1700877862182,333,5.7579663
TIAUSDT,BUY,LIMIT,1700877876145,8,5.7606413
TIAUSDT,SELL,LIMIT,1700878647564,65,5.4978140
TIAUSDT,SELL,LIMIT,1700878749820,1,5.4879439
TIAUSDT,SELL,LIMIT,1700878832094,377,5.4713631
TIAUSDT,BUY,LIMIT,1700879561441,503,5.7021403
TIAUSDT,BUY,LIMIT,1700880171764,29,5.7191911
TIAUSDT,BUY,LIMIT,1700880452064,13,5.7531496
TIAUSDT,SELL,LIMIT,1700882281634,29,5.5479827
TIAUSDT,BUY,LIMIT,1700882472711,499,5.7304069
TIAUSDT,SELL,LIMIT,1700882918985,118,5.5418507
TIAUSDT,SELL,LIMIT,1700883211906,30,5.5225746
TIAUSDT,SELL,LIMIT,1700883249117,62,5.5210879
TIAUSDT,SELL,LIMIT,1700883357462,118,5.5146762
TIAUSDT,SELL,LIMIT,1700884166965,8,5.5300447
TIAUSDT,BUY,LIMIT,1700886029374,112,5.7230970
TIAUSDT,SELL,LIMIT,1700887268950,55,5.5081020
TIAUSDT,SELL,LIMIT,1700887280334,42,5.5038231
TIAUSDT,SELL,LIMIT,1700887314017,19,5.5009302
TIAUSDT,SELL,LIMIT,1700887622043,77,5.4882539
TIAUSDT,SELL,LIMIT,1700887634412,886,5.4874076
TIAUSDT,SELL,LIMIT,1700889401310,91,5.4796672
TIAUSDT,SELL,LIMIT,1700889455136,25,5.4696741
TIAUSDT,SELL,LIMIT,1700890225392,8,5.5428746
TIAUSDT,BUY,LIMIT,1700890353163,93,5.6795528
TIAUSDT,BUY,LIMIT,1700890455469,34,5.6885882
TIAUSDT,BUY,LIMIT,1700890521768,10,5.7057810
TIAUSDT,BUY,LIMIT,1700890647529,894,5.7282174
TIAUSDT,BUY,LIMIT,1700893032860,1,5.7409967
TIAUSDT,BUY,LIMIT,1700893076090,4,5.7611945
TIAUSDT,BUY,LIMIT,1700893096589,896,5.7648840
TIAUSDT,BUY,LIMIT,1700893116123,330,5.7659687
TIAUSDT,BUY,LIMIT,1700893118241,25,5.7674667
TIAUSDT,BUY,LIMIT,1700893896205,8,5.7674239
TIAUSDT,BUY,LIMIT,1700893918169,15,5.7718640
TIAUSDT,BUY,LIMIT,1700893929177,7,5.7827895
TIAUSDT,BUY,LIMIT,1700893941630,165,5.7914018
TIAUSDT,BUY,LIMIT,1700894228238,8,5.8059600
TIAUSDT,BUY,LIMIT,1700894232209,4,5.8130428
TIAUSDT,BUY,LIMIT,1700894235199,94,5.8145299
TIAUSDT,BUY,LIMIT,1700894242070,40,5.8155310
TIAUSDT,BUY,LIMIT,1700894298322,166,5.8208118
TIAUSDT,BUY,LIMIT,1700894316040,88,5.8322133
TIAUSDT,BUY,LIMIT,1700894340344,70,5.8335482
TIAUSDT,BUY,LIMIT,1700894395992,4,5.8412867
TIAUSDT,BUY,LIMIT,1700894398156,17,5.8436121
TIAUSDT,BUY,LIMIT,1700894410472,8,5.8467549
TIAUSDT,BUY,LIMIT,1700894412160,11,5.8497001
TIAUSDT,BUY,LIMIT,1700894419753,87,5.8536520
TIAUSDT,BUY,LIMIT,1700894422155,368,5.8544801
TIAUSDT,BUY,LIMIT,1700894425685,135,5.8564424
TIAUSDT,BUY,LIMIT,1700894437084,78,5.8606416
TIAUSDT,BUY,LIMIT,1700894444170,1,5.8670451
TIAUSDT,SELL,LIMIT,1700894525590,2,5.6604582
TIAUSDT,SELL,LIMIT,1700894528044,75,5.6574810
TIAUSDT,SELL,LIMIT,1700895917227,33,5.6163249
TIAUSDT,SELL,LIMIT,1700895923417,43,5.6162145
TIAUSDT,SELL,LIMIT,1700895927295,57,5.6147255
TIAUSDT,SELL,LIMIT,1700895992760,13,5.6094783
TIAUSDT,SELL,LIMIT,1700895993931,68,5.6079564
TIAUSDT,SELL,LIMIT,1700896190887,874,5.5905983
TIAUSDT,SELL,LIMIT,1700896292232,118,5.5690926
TIAUSDT,SELL,LIMIT,1700896336013,311,5.5635470
TIAUSDT,SELL,LIMIT,1700896359586,134,5.5568638
TIAUSDT,SELL,LIMIT,1700896369227,220,5.5501676
TIAUSDT,SELL,LIMIT,1700896515088,57,5.5364595
TIAUSDT,SELL,LIMIT,1700896524810,62,5.5343449
TIAUSDT,SELL,LIMIT,1700897341123,698,5.5134739
TIAUSDT,SELL,LIMIT,1700897349232,59,5.5133516
TIAUSDT,SELL,LIMIT,1700897408331,75,5.5095278
TIAUSDT,SELL,LIMIT,1700897413640,20,5.5081092
TIAUSDT,SELL,LIMIT,1700897445232,1,5.5067637
TIAUSDT,SELL,LIMIT,1700897813592,35,5.4911611
TIAUSDT,SELL,LIMIT,1700897824178,79,5.4872742
TIAUSDT,SELL,LIMIT,1700897838095,32,5.4826810
TIAUSDT,SELL,LIMIT,1700897848044,20,5.4780165
TIAUSDT,SELL,LIMIT,1700897862170,77,5.4768770
TIAUSDT,SELL,LIMIT,1700897902455,8,5.4755229
TIAUSDT,BUY,LIMIT,1700899208269,32,5.6887844
TIAUSDT,SELL,LIMIT,1700900221226,1,5.5115469
TIAUSDT,SELL,LIMIT,1700900241740,137,5.5020691
TIAUSDT,SELL,LIMIT,1700900245532,17,5.5001766
TIAUSDT,SELL,LIMIT,1700900250267,463,5.4967664
TIAUSDT,SELL,LIMIT,1700900371056,212,5.4925049
TIAUSDT,SELL,LIMIT,1700901074287,143,5.4856102
TIAUSDT,SELL,LIMIT,1700904501540,265,5.4779259
TIAUSDT,SELL,LIMIT,1700904644493,85,5.4668216
TIAUSDT,SELL,LIMIT,1700904645599,1,5.4660254
TIAUSDT,SELL,LIMIT,1700904649340,7,5.4653933
TIAUSDT,SELL,LIMIT,1700904749551,3,5.4617969
TIAUSDT,SELL,LIMIT,1700904758289,200,5.4613474
TIAUSDT,SELL,LIMIT,1700904761516,16,5.4612253
TIAUSDT,SELL,LIMIT,1700904773375,27,5.4527110
TIAUSDT,SELL,LIMIT,1700904775050,10,5.4423017
TIAUSDT,SELL,LIMIT,1700905397256,32,5.4713375
TIAUSDT,BUY,LIMIT,1700905742191,94,5.6610352
TIAUSDT,BUY,LIMIT,1700905770232,72,5.6637621
TIAUSDT,SELL,LIMIT,1700906211239,5,5.4851545
TIAUSDT,BUY,LIMIT,1700907876365,101,5.6666318
TIAUSDT,SELL,LIMIT,1700908366906,304,5.4722739
TIAUSDT,SELL,LIMIT,1700908574080,276,5.4612566
TIAUSDT,SELL,LIMIT,1700908586297,82,5.4584640
TIAUSDT,SELL,LIMIT,1700909003074,113,5.4484995
TIAUSDT,BUY,LIMIT,1700909240217,65,5.6355399
TIAUSDT,BUY,LIMIT,1700910150809,66,5.6500379
TIAUSDT,SELL,LIMIT,1700911244861,12,5.4510303
TIAUSDT,SELL,LIMIT,1700911322219,179,5.4416161
TIAUSDT,SELL,LIMIT,1700911356034,424,5.4355069
TIAUSDT,SELL,LIMIT,1700911357171,69,5.4329399
TIAUSDT,SELL,LIMIT,1700911472672,181,5.4286998
TIAUSDT,SELL,LIMIT,1700912137340,901,5.4197174
TIAUSDT,SELL,LIMIT,1700912226183,37,5.4115130
TIAUSDT,SELL,LIMIT,1700912269885,422,5.4092261
TIAUSDT,SELL,LIMIT,1700912421076,443,5.4037064
TIAUSDT,SELL,LIMIT,1700912423125,173,5.4036692
TIAUSDT,SELL,LIMIT,1700912439091,1735,5.3751615
TIAUSDT,SELL,LIMIT,1700912503975,98,5.4013461
TIAUSDT,SELL,LIMIT,1700912505056,347,5.3995190
TIAUSDT,SELL,LIMIT,1700912507289,203,5.3994980
TIAUSDT,SELL,LIMIT,1700912591886,47,5.4005513
TIAUSDT,BUY,LIMIT,1700913967235,63,5.6180861
TIAUSDT,BUY,LIMIT,1700916517827,2,5.6488369
TIAUSDT,BUY,LIMIT,1700917299200,109,5.6982971
TIAUSDT,BUY,LIMIT,1700917432124,338,5.7117559
TIAUSDT,BUY,LIMIT,1700917558911,65,5.7273424
TIAUSDT,SELL,LIMIT,1700917569345,1,5.5493652
TIAUSDT,BUY,LIMIT,1700917597466,220,5.7155665
TIAUSDT,SELL,LIMIT,1700918289323,46,5.5199205
TIAUSDT,SELL,LIMIT,1700918314216,162,5.5036091
TIAUSDT,SELL,LIMIT,1700919258905,892,5.4833966
TIAUSDT,BUY,LIMIT,1700919785044,68,5.6736054
TIAUSDT,BUY,LIMIT,1700920137151,34,5.6629788
TIAUSDT,SELL,LIMIT,1700921459760,181,5.4751926
TIAUSDT,SELL,LIMIT,1700921516047,9,5.4695161
TIAUSDT,SELL,LIMIT,1700921540054,6,5.4640092
TIAUSDT,SELL,LIMIT,1700921967834,132,5.4589917
TIAUSDT,SELL,LIMIT,1700922137545,266,5.4536957
TIAUSDT,BUY,LIMIT,1700923975459,3,5.6410798
TIAUSDT,SELL,LIMIT,1700925506523,26,5.4446647
TIAUSDT,SELL,LIMIT,1700925660304,49,5.4370592
TIAUSDT,SELL,LIMIT,1700925669700,31,5.4328151
TIAUSDT,SELL,LIMIT,1700925707450,4,5.4273331
TIAUSDT,SELL,LIMIT,1700925719308,9,5.4256995
TIAUSDT,BUY,LIMIT,1700928439475,36,5.6617653
TIAUSDT,BUY,LIMIT,1700928918141,21,5.6727167
TIAUSDT,BUY,LIMIT,1700928922213,7,5.6747473
TIAUSDT,BUY,LIMIT,1700928930182,905,5.6769853
TIAUSDT,SELL,LIMIT,1700930454284,217,5.4635803
TIAUSDT,SELL,LIMIT,1700930455513,300,5.4620049
TIAUSDT,SELL,LIMIT,1700930482128,89,5.4526322
TIAUSDT,SELL,LIMIT,1700930483376,32,5.4501638
TIAUSDT,SELL,LIMIT,1700930573960,8,5.4404192
TIAUSDT,BUY,LIMIT,1700931734706,16,5.6823331
TIAUSDT,BUY,LIMIT,1700931742834,2,5.6880929
TIAUSDT,BUY,LIMIT,1700931762153,1,5.6940571
TIAUSDT,BUY,LIMIT,1700931765206,334,5.6955814
TIAUSDT,BUY,LIMIT,1700931796456,1,5.7131890
TIAUSDT,BUY,LIMIT,1700932211266,197,5.7275345
TIAUSDT,BUY,LIMIT,1700932709384,1,5.7356331
TIAUSDT,BUY,LIMIT,1700932710418,2,5.7403008
TIAUSDT,BUY,LIMIT,1700932783942,406,5.7504217
TIAUSDT,BUY,LIMIT,1700932865166,1,5.7601679
TIAUSDT,BUY,LIMIT,1700932876110,17,5.7632998
TIAUSDT,BUY,LIMIT,1700932883615,23,5.7644076
TIAUSDT,BUY,LIMIT,1700932936077,182,5.7671777
TIAUSDT,BUY,LIMIT,1700934474440,270,5.7377390
TIAUSDT,BUY,LIMIT,1700934567874,43,5.7601750
TIAUSDT,BUY,LIMIT,1700934670096,2,5.7696240
TIAUSDT,BUY,LIMIT,1700934689059,138,5.7726364
TIAUSDT,SELL,LIMIT,1700934985665,13,5.5646961
TIAUSDT,BUY,LIMIT,1700936461531,70,5.7614480
TIAUSDT,BUY,LIMIT,1700936539328,20,5.7677086
TIAUSDT,BUY,LIMIT,1700936634193,22,5.7770015
TIAUSDT,BUY,LIMIT,1700936674578,12,5.7822052
TIAUSDT,BUY,LIMIT,1700936687302,284,5.7830820
TIAUSDT,BUY,LIMIT,1700936739568,53,5.7990998
TIAUSDT,BUY,LIMIT,1700936743088,2,5.8021468
TIAUSDT,BUY,LIMIT,1700936797889,58,5.8028463
TIAUSDT,BUY,LIMIT,1700936908034,74,5.8081154
TIAUSDT,BUY,LIMIT,1700936967280,450,5.8143014
TIAUSDT,BUY,LIMIT,1700937024784,1,5.8285883
TIAUSDT,BUY,LIMIT,1700937085239,31,5.8342002
TIAUSDT,BUY,LIMIT,1700937274442,19,5.8428023
TIAUSDT,BUY,LIMIT,1700937331082,47,5.8437772
TIAUSDT,BUY,LIMIT,1700937333944,165,5.8448603
TIAUSDT,BUY,LIMIT,1700937355524,22,5.8473434
TIAUSDT,BUY,LIMIT,1700937378662,229,5.8575339
TIAUSDT,BUY,LIMIT,1700937382199,435,5.8585470
TIAUSDT,BUY,LIMIT,1700937383799,57,5.8604191
TIAUSDT,BUY,LIMIT,1700937386236,885,5.8646688
TIAUSDT,BUY,LIMIT,1700937387871,11,5.8692276
TIAUSDT,BUY,LIMIT,1700937441098,477,5.8701783
TIAUSDT,BUY,LIMIT,1700937443943,201,5.8718509
TIAUSDT,BUY,LIMIT,1700937475028,96,5.8791725
TIAUSDT,BUY,LIMIT,1700937617647,12,5.8795155
TIAUSDT,BUY,LIMIT,1700937624132,237,5.8884178
TIAUSDT,BUY,LIMIT,1700937627314,71,5.8950750
TIAUSDT,BUY,LIMIT,1700937631780,2,5.8961560
TIAUSDT,BUY,LIMIT,1700937633209,659,5.9011411
TIAUSDT,BUY,LIMIT,1700937634275,49,5.9103950
TIAUSDT,BUY,LIMIT,1700937654083,6,5.9213537
TIAUSDT,BUY,LIMIT,1700937655148,34,5.9190657
TIAUSDT,BUY,LIMIT,1700937686078,80,5.9288065
TIAUSDT,BUY,LIMIT,1700937687152,38,5.9272712
TIAUSDT,BUY,LIMIT,1700937688989,15,5.9347719
TIAUSDT,BUY,LIMIT,1700937693121,195,5.9388765
TIAUSDT,BUY,LIMIT,1700937695212,513,5.9411421
TIAUSDT,BUY,LIMIT,1700937700319,27,5.9471396
TIAUSDT,BUY,LIMIT,1700937704180,49,5.9508307
TIAUSDT,BUY,LIMIT,1700937708522,288,5.9553758
TIAUSDT,BUY,LIMIT,1700937710516,158,5.9588736
TIAUSDT,BUY,LIMIT,1700937731842,3,5.9617354
TIAUSDT,BUY,LIMIT,1700937733410,187,5.9628640
TIAUSDT,BUY,LIMIT,1700937735207,13,5.9663827
TIAUSDT,BUY,LIMIT,1700937739618,836,5.9677785
TIAUSDT,BUY,LIMIT,1700937740753,4,5.9718537
TIAUSDT,BUY,LIMIT,1700937742822,78,5.9759351
TIAUSDT,SELL,LIMIT,1700937783404,7,5.7687012
TIAUSDT,SELL,LIMIT,1700938097899,4,5.7471289
TIAUSDT,SELL,LIMIT,1700938151429,606,5.7242340
TIAUSDT,SELL,LIMIT,1700938152981,166,5.7224385
TIAUSDT,SELL,LIMIT,1700938157770,8,5.7157424
TIAUSDT,SELL,LIMIT,1700938398320,237,5.6975053
TIAUSDT,SELL,LIMIT,1700938474457,10,5.6867161
TIAUSDT,SELL,LIMIT,1700938539125,23,5.6788709
TIAUSDT,SELL,LIMIT,1700938554565,221,5.6766366
TIAUSDT,BUY,LIMIT,1700938877438,86,5.9071178
TIAUSDT,BUY,LIMIT,1700938883484,239,5.9093188
TIAUSDT,BUY,LIMIT,1700939353565,179,5.9505694
TIAUSDT,BUY,LIMIT,1700939381448,1,5.9595406
TIAUSDT,BUY,LIMIT,1700939443603,432,5.9651733
TIAUSDT,BUY,LIMIT,1700939450561,213,5.9689238
TIAUSDT,BUY,LIMIT,1700939452138,8,5.9698377
TIAUSDT,BUY,LIMIT,1700939460571,68,5.9757671
TIAUSDT,BUY,LIMIT,1700939520204,60,5.9823812
TIAUSDT,BUY,LIMIT,1700939527096,103,5.9848468
TIAUSDT,BUY,LIMIT,1700939528174,74,5.9860357
TIAUSDT,SELL,LIMIT,1700939683730,82,5.7733781
TIAUSDT,SELL,LIMIT,1700939685595,24,5.7706289
TIAUSDT,SELL,LIMIT,1700939703046,6,5.7557324
TIAUSDT,BUY,LIMIT,1700939924460,17,5.9723505
