Symbol,Side,Order Type,Time,Quantity,Price
TIAUSDT,SELL,LIMIT,1700845613391,41,5.4436571
TIAUSDT,BUY,LIMIT,1700845784861,396,5.6090664
TIAUSDT,BUY,LIMIT,1700845803511,11,5.6108969
TIAUSDT,BUY,LIMIT,1700845804893,13,5.6126929
TIAUSDT,SELL,LIMIT,1700848499855,94,5.4201841
TIAUSDT,SELL,LIMIT,1700848691314,28,5.4327704
TIAUSDT,SELL,LIMIT,1700848822070,67,5.4181443
TIAUSDT,SELL,LIMIT,1700848852611,524,5.4197045
TIAUSDT,SELL,LIMIT,1700848880329,64,5.4076587
TIAUSDT,SELL,LIMIT,1700848894139,100,5.4057375
TIAUSDT,SELL,LIMIT,1700848897117,162,5.4046634
TIAUSDT,SELL,LIMIT,1700848898120,70,5.3995942
TIAUSDT,SELL,LIMIT,1700848907724,226,5.3961785
TIAUSDT,SELL,LIMIT,1700848927284,561,5.3937166
TIAUSDT,BUY,LIMIT,1700849241250,2,5.5903872
TIAUSDT,SELL,LIMIT,1700849712097,40,5.4161344
TIAUSDT,SELL,LIMIT,1700849721599,12,5.4128136
TIAUSDT,SELL,LIMIT,1700851850172,124,5.3996916
TIAUSDT,SELL,LIMIT,1700852085426,870,5.3879110
TIAUSDT,SELL,LIMIT,1700852087700,55,5.3787390
TIAUSDT,SELL,LIMIT,1700852090653,1,5.3766171
TIAUSDT,SELL,LIMIT,1700852097108,1,5.3757429
TIAUSDT,SELL,LIMIT,1700852171568,29,5.3730157
TIAUSDT,SELL,LIMIT,1700852747086,210,5.3791892
TIAUSDT,SELL,LIMIT,1700852804761,539,5.3752405
TIAUSDT,SELL,LIMIT,1700852942410,7,5.3722458
TIAUSDT,SELL,LIMIT,1700852947070,29,5.3719932
TIAUSDT,SELL,LIMIT,1700852960904,113,5.3696470
TIAUSDT,SELL,LIMIT,1700852965332,82,5.3626261
TIAUSDT,SELL,LIMIT,1700853908262,4,5.3590541
TIAUSDT,SELL,LIMIT,1700853909488,5,5.3558188
TIAUSDT,SELL,LIMIT,1700854387090,68,5.3472360
TIAUSDT,SELL,LIMIT,1700854388139,77,5.3470127
TIAUSDT,SELL,LIMIT,1700855695314,106,5.3530301
TIAUSDT,SELL,LIMIT,1700856897424,375,5.3809718
TIAUSDT,BUY,LIMIT,1700857423261,230,5.5405734
TIAUSDT,BUY,LIMIT,1700857503354,45,5.5462784
TIAUSDT,BUY,LIMIT,1700857695292,41,5.5558490
TIAUSDT,BUY,LIMIT,1700858417366,5,5.5594087
TIAUSDT,BUY,LIMIT,1700858572604,35,5.5698468
TIAUSDT,BUY,LIMIT,1700858650735,406,5.5711905
TIAUSDT,BUY,LIMIT,1700859044862,6,5.5782849
TIAUSDT,BUY,LIMIT,1700859154404,919,5.5993954
TIAUSDT,BUY,LIMIT,1700859312531,11,5.6054898
TIAUSDT,BUY,LIMIT,1700859447439,5,5.6145333
TIAUSDT,BUY,LIMIT,1700859709763,109,5.6224315
TIAUSDT,BUY,LIMIT,1700860203377,134,5.6249634
TIAUSDT,BUY,LIMIT,1700860211432,18,5.6278682
TIAUSDT,BUY,LIMIT,1700860287768,135,5.6331636
TIAUSDT,BUY,LIMIT,1700860306674,146,5.6412062
TIAUSDT,BUY,LIMIT,1700860481192,27,5.6522290
TIAUSDT,BUY,LIMIT,1700860549273,1,5.6554958
TIAUSDT,BUY,LIMIT,1700860556245,4,5.6610268
TIAUSDT,BUY,LIMIT,1700860632181,371,5.6633636
TIAUSDT,BUY,LIMIT,1700860824054,72,5.6728836
TIAUSDT,BUY,LIMIT,1700861315362,1,5.6865429
TIAUSDT,BUY,LIMIT,1700861565427,43,5.7008063
TIAUSDT,BUY,LIMIT,1700861667119,16,5.7148209
TIAUSDT,BUY,LIMIT,1700861672897,73,5.7168127
TIAUSDT,BUY,LIMIT,1700861680274,9,5.7218476
TIAUSDT,BUY,LIMIT,1700861748172,156,5.7250789
TIAUSDT,BUY,LIMIT,1700861833201,59,5.7329618
TIAUSDT,BUY,LIMIT,1700861866977,75,5.7413443
TIAUSDT,BUY,LIMIT,1700861868625,30,5.7420071
TIAUSDT,BUY,LIMIT,1700861873197,241,5.7442910
TIAUSDT,BUY,LIMIT,1700861911620,24,5.7529921
TIAUSDT,BUY,LIMIT,1700862060878,17,5.7618700
TIAUSDT,SELL,LIMIT,1700862126343,88,5.5574591
TIAUSDT,SELL,LIMIT,1700862129218,41,5.5553079
TIAUSDT,SELL,LIMIT,1700862161236,21,5.5466209
TIAUSDT,SELL,LIMIT,1700862168796,340,5.5354339
TIAUSDT,BUY,LIMIT,1700862298060,80,5.7427109
TIAUSDT,BUY,LIMIT,1700862328329,355,5.7465128
TIAUSDT,BUY,LIMIT,1700862577765,20,5.7682520
TIAUSDT,BUY,LIMIT,1700862579682,3,5.7695664
TIAUSDT,BUY,LIMIT,1700862638385,279,5.7732239
TIAUSDT,BUY,LIMIT,1700862641653,2,5.7740665
TIAUSDT,SELL,LIMIT,1700862923249,288,5.5781090
TIAUSDT,SELL,LIMIT,1700863126370,166,5.5439294
TIAUSDT,SELL,LIMIT,1700863304185,270,5.5377698
TIAUSDT,SELL,LIMIT,1700863326045,788,5.5281985
TIAUSDT,SELL,LIMIT,1700863487992,5,5.5200761
TIAUSDT,SELL,LIMIT,1700863539884,42,5.5130802
TIAUSDT,SELL,LIMIT,1700863543308,193,5.5051389
TIAUSDT,SELL,LIMIT,1700863788284,22,5.4953934
TIAUSDT,SELL,LIMIT,1700863822985,913,5.4837676
TIAUSDT,SELL,LIMIT,1700863952456,895,5.4609878
TIAUSDT,SELL,LIMIT,1700864402679,1,5.4517457
TIAUSDT,SELL,LIMIT,1700864421286,222,5.4499120
TIAUSDT,SELL,LIMIT,1700864801417,63,5.4549602
TIAUSDT,BUY,LIMIT,1700865281821,76,5.6517346
TIAUSDT,BUY,LIMIT,1700865284665,171,5.6543359
TIAUSDT,SELL,LIMIT,1700865546066,44,5.5147478
TIAUSDT,SELL,LIMIT,1700866989547,17,5.4181010
TIAUSDT,SELL,LIMIT,1700866994142,9,5.4099592
TIAUSDT,SELL,LIMIT,1700867051084,17,5.4008092
TIAUSDT,SELL,LIMIT,1700867060210,31,5.3999385
TIAUSDT,SELL,LIMIT,1700867071526,56,5.3917916
TIAUSDT,SELL,LIMIT,1700867081886,60,5.3907617
TIAUSDT,SELL,LIMIT,1700867145575,447,5.3886340
TIAUSDT,SELL,LIMIT,1700867177289,24,5.3870925
TIAUSDT,SELL,LIMIT,1700867181100,39,5.3956108
TIAUSDT,SELL,LIMIT,1700867182440,12,5.3835479
TIAUSDT,SELL,LIMIT,1700867201091,278,5.3958788
TIAUSDT,SELL,LIMIT,1700867207619,52,5.3908977
TIAUSDT,SELL,LIMIT,1700867344334,18,5.3764761
TIAUSDT,SELL,LIMIT,1700867378922,2,5.3676851
TIAUSDT,SELL,LIMIT,1700867473171,530,5.3777682
TIAUSDT,SELL,LIMIT,1700867658472,549,5.3651613
TIAUSDT,SELL,LIMIT,1700867664748,1,5.3638935
TIAUSDT,SELL,LIMIT,1700870508126,81,5.4252013
TIAUSDT,SELL,LIMIT,1700870611702,6,5.4070558
TIAUSDT,SELL,LIMIT,1700870647167,17,5.3945391
TIAUSDT,BUY,LIMIT,1700870954236,22,5.6233605
TIAUSDT,BUY,LIMIT,1700872417953,89,5.6193476
TIAUSDT,SELL,LIMIT,1700872530179,6,5.4801508
TIAUSDT,BUY,LIMIT,1700872572335,37,5.6371050
TIAUSDT,BUY,LIMIT,1700873007498,68,5.6565446
TIAUSDT,BUY,LIMIT,1700873112466,39,5.6693827
TIAUSDT,BUY,LIMIT,1700873234129,8,5.6940102
TIAUSDT,BUY,LIMIT,1700873244455,30,5.7005527
TIAUSDT,BUY,LIMIT,1700873265834,2,5.7032381
TIAUSDT,BUY,LIMIT,1700874094795,3,5.7052623
TIAUSDT,BUY,LIMIT,1700874673753,224,5.7098911
TIAUSDT,BUY,LIMIT,1700875558187,18,5.7233079
TIAUSDT,BUY,LIMIT,1700875563413,547,5.7249610
TIAUSDT,BUY,LIMIT,1700875566243,446,5.7266869
TIAUSDT,BUY,LIMIT,1700875577660,521,5.7322049
TIAUSDT,SELL,LIMIT,1700877114724,29,5.5342541
TIAUSDT,SELL,LIMIT,1700877272222,3,5.5266584
TIAUSDT,BUY,LIMIT,1700877762693,906,5.7018860
TIAUSDT,BUY,LIMIT,1700877822146,242,5.7413010
TIAUSDT,BUY,LIMIT,1700877837316,7,5.7482522
TIAUSDT,BUY,LIMIT,1700877862182,333,5.7579663
TIAUSDT,BUY,LIMIT,1700877876145,8,5.7606413
TIAUSDT,SELL,LIMIT,1700878647564,65,5.4978140
TIAUSDT,SELL,LIMIT,1700878749820,1,5.4879439
TIAUSDT,SELL,LIMIT,1700878832094,377,5.4713631
TIAUSDT,BUY,LIMIT,1700879561441,503,5.7021403
TIAUSDT,BUY,LIMIT,1700880171764,29,5.7191911
TIAUSDT,BUY,LIMIT,1700880452064,13,5.7531496
TIAUSDT,SELL,LIMIT,1700882281634,29,5.5479827
TIAUSDT,BUY,LIMIT,1700882472711,499,5.7304069
