Symbol,Side,Order Type,Time,Quantity,Price
TIAUSDT,SELL,LIMIT,1701915065191,81,9.5485538
TIAUSDT,SELL,LIMIT,1701915068062,19,9.5436853
TIAUSDT,SELL,LIMIT,1701917203330,1,9.5457521
TIAUSDT,SELL,LIMIT,1701917234614,24,9.5307015
TIAUSDT,SELL,LIMIT,1701917286765,6,9.5124121
TIAUSDT,SELL,LIMIT,1701917550183,515,9.5112833
TIAUSDT,SELL,LIMIT,1701917560673,6,9.5060733
TIAUSDT,SELL,LIMIT,1701917574168,30,9.4918541
TIAUSDT,SELL,LIMIT,1701917614193,5,9.4687321
TIAUSDT,SELL,LIMIT,1701917628455,77,9.4569411
TIAUSDT,SELL,LIMIT,1701917629693,153,9.4462874
TIAUSDT,SELL,LIMIT,1701917630851,4,9.4409503
TIAUSDT,SELL,LIMIT,1701917632316,255,9.4238937
TIAUSDT,SELL,LIMIT,1701917635096,15,9.4143756
TIAUSDT,BUY,LIMIT,1701917952571,3,9.7760666
TIAUSDT,SELL,LIMIT,1701918562346,5,9.4054305
TIAUSDT,BUY,LIMIT,1701918765153,10,9.7199921
TIAUSDT,BUY,LIMIT,1701918956383,19,9.7667657
TIAUSDT,BUY,LIMIT,1701919095067,77,9.7601280
TIAUSDT,BUY,LIMIT,1701919101385,16,9.6865269
TIAUSDT,BUY,LIMIT,1701919112894,129,9.7887781
TIAUSDT,BUY,LIMIT,1701919131720,23,9.8303621
TIAUSDT,BUY,LIMIT,1701920554736,42,9.8761089
TIAUSDT,BUY,LIMIT,1701920897625,233,9.9336075
TIAUSDT,BUY,LIMIT,1701922111423,73,10.0003307
TIAUSDT,SELL,LIMIT,1701922315758,25,9.6589760
TIAUSDT,BUY,LIMIT,1701923254222,508,9.9753502
TIAUSDT,BUY,LIMIT,1701923706314,41,10.0322850
TIAUSDT,BUY,LIMIT,1701923708764,37,10.0334262
TIAUSDT,BUY,LIMIT,1701923847649,35,10.0391670
TIAUSDT,BUY,LIMIT,1701923851025,1,10.0444123
TIAUSDT,BUY,LIMIT,1701923940416,2,10.0627805
TIAUSDT,BUY,LIMIT,1701923995866,42,10.0661230
TIAUSDT,BUY,LIMIT,1701923997001,1,10.1419739
TIAUSDT,BUY,LIMIT,1701924019984,2,10.1444968
TIAUSDT,BUY,LIMIT,1701924304436,64,10.1564357
TIAUSDT,BUY,LIMIT,1701924306626,1,9.7790516
TIAUSDT,SELL,LIMIT,1701925212297,20,9.7995273
TIAUSDT,SELL,LIMIT,1701925259139,5,9.7722178
TIAUSDT,SELL,LIMIT,1701925281649,399,9.7652694
TIAUSDT,SELL,LIMIT,1701925304886,62,9.7573630
TIAUSDT,BUY,LIMIT,1701925394630,10,10.0382689
TIAUSDT,BUY,LIMIT,1701925596358,100,10.1065239
TIAUSDT,SELL,LIMIT,1701926108544,23,9.7889635
TIAUSDT,SELL,LIMIT,1701926210191,500,9.7655423
TIAUSDT,SELL,LIMIT,1701926241411,19,9.7625198
TIAUSDT,BUY,LIMIT,1701926737781,33,10.1561032
TIAUSDT,SELL,LIMIT,1701927771775,5,9.8177361
TIAUSDT,BUY,LIMIT,1701928105338,388,10.1549031
TIAUSDT,BUY,LIMIT,1701928192238,2,10.1829404
TIAUSDT,BUY,LIMIT,1701928208293,45,10.1859375
TIAUSDT,BUY,LIMIT,1701928292333,18,10.1978266
TIAUSDT,BUY,LIMIT,1701928294430,265,10.1989406
TIAUSDT,BUY,LIMIT,1701928296013,1,10.2012189
TIAUSDT,BUY,LIMIT,1701928298878,7,10.2139294
TIAUSDT,BUY,LIMIT,1701928324292,408,10.2189670
TIAUSDT,BUY,LIMIT,1701928373313,1,10.2242587
TIAUSDT,BUY,LIMIT,1701928387482,99,10.2275486
TIAUSDT,BUY,LIMIT,1701928402707,102,10.2340893
TIAUSDT,SELL,LIMIT,1701928954501,497,9.8528552
TIAUSDT,SELL,LIMIT,1701928995226,51,9.8351562
TIAUSDT,SELL,LIMIT,1701929174594,29,9.8098307
TIAUSDT,SELL,LIMIT,1701929946991,50,9.8013385
TIAUSDT,SELL,LIMIT,1701929983127,53,9.7815654
TIAUSDT,SELL,LIMIT,1701929984440,5,9.7783801
TIAUSDT,SELL,LIMIT,1701930073314,70,9.7747548
TIAUSDT,BUY,LIMIT,1701930545673,54,10.1258008
TIAUSDT,SELL,LIMIT,1701931572759,5,10.8684152
TIAUSDT,SELL,LIMIT,1701931580426,19,9.7523989
TIAUSDT,SELL,LIMIT,1701931581903,14,9.7493702
TIAUSDT,SELL,LIMIT,1701931584000,25,9.7424066
TIAUSDT,SELL,LIMIT,1701931585125,86,9.7353140
TIAUSDT,BUY,LIMIT,1701931800304,7,10.0678506
TIAUSDT,BUY,LIMIT,1701932008771,78,10.1155423
TIAUSDT,BUY,LIMIT,1701933028913,202,10.1572319
TIAUSDT,BUY,LIMIT,1701933088993,48,10.1603224
TIAUSDT,BUY,LIMIT,1701933155509,34,10.2165701
TIAUSDT,BUY,LIMIT,1701933156736,19,10.2549517
TIAUSDT,BUY,LIMIT,1701933178914,1,10.2716266
TIAUSDT,SELL,LIMIT,1701933445455,29,9.8761670
TIAUSDT,SELL,LIMIT,1701933600247,2,9.8101358
TIAUSDT,SELL,LIMIT,1701933620426,39,9.7968016
TIAUSDT,SELL,LIMIT,1701933621765,21,9.7914881
TIAUSDT,SELL,LIMIT,1701933629228,34,9.7883373
TIAUSDT,SELL,LIMIT,1701933644953,5,9.7821440
TIAUSDT,SELL,LIMIT,1701933789230,10,9.7632000
TIAUSDT,BUY,LIMIT,1701934197465,51,10.1535382
TIAUSDT,SELL,LIMIT,1701934293552,41,9.8152414
TIAUSDT,BUY,LIMIT,1701934671491,1,10.1731827
TIAUSDT,BUY,LIMIT,1701935856806,2,10.1776839
TIAUSDT,SELL,LIMIT,1701935961235,102,9.8475793
TIAUSDT,BUY,LIMIT,1701936132419,6,10.1820701
TIAUSDT,SELL,LIMIT,1701936336916,42,9.8110026
TIAUSDT,SELL,LIMIT,1701936386091,2,9.8086609
TIAUSDT,BUY,LIMIT,1701936556482,3,10.1652907
TIAUSDT,BUY,LIMIT,1701936568486,4,10.1921687
TIAUSDT,BUY,LIMIT,1701936676313,79,10.2183960
TIAUSDT,BUY,LIMIT,1701936680416,8,10.2286748
TIAUSDT,SELL,LIMIT,1701936720216,5,9.8389597
TIAUSDT,SELL,LIMIT,1701936867399,14,9.7373578
TIAUSDT,SELL,LIMIT,1701936872156,46,9.7307990
TIAUSDT,SELL,LIMIT,1701936901644,243,9.7243816
TIAUSDT,SELL,LIMIT,1701936907524,175,9.7203550
TIAUSDT,SELL,LIMIT,1701936914164,1,9.7148604
TIAUSDT,SELL,LIMIT,1701936915244,499,9.7070405
TIAUSDT,SELL,LIMIT,1701936916662,503,9.7001294
TIAUSDT,SELL,LIMIT,1701936923863,205,9.6923533
TIAUSDT,SELL,LIMIT,1701936979348,14,9.6811016
TIAUSDT,SELL,LIMIT,1701937250366,44,9.6694142
TIAUSDT,SELL,LIMIT,1701937321349,17,9.6607328
TIAUSDT,SELL,LIMIT,1701937342872,514,9.6798982
TIAUSDT,SELL,LIMIT,1701937344372,179,9.6858280
TIAUSDT,SELL,LIMIT,1701937351095,2,9.6576360
TIAUSDT,SELL,LIMIT,1701937356151,298,9.6506123
TIAUSDT,SELL,LIMIT,1701937357173,31,9.6456254
TIAUSDT,SELL,LIMIT,1701937358826,20,9.6409224
TIAUSDT,SELL,LIMIT,1701937486175,256,9.6601906
TIAUSDT,SELL,LIMIT,1701937745127,25,9.6268590
TIAUSDT,SELL,LIMIT,1701937746338,1,9.6268865
TIAUSDT,SELL,LIMIT,1701937793236,38,9.6142258
TIAUSDT,SELL,LIMIT,1701937798101,35,9.6134804
TIAUSDT,SELL,LIMIT,1701937799469,32,9.6121405
TIAUSDT,SELL,LIMIT,1701937820143,103,9.5995165
TIAUSDT,SELL,LIMIT,1701937831486,44,9.5910004
TIAUSDT,SELL,LIMIT,1701937832748,2,9.5870656
TIAUSDT,SELL,LIMIT,1701937839592,45,9.5840488
TIAUSDT,SELL,LIMIT,1701937907510,13,9.5679241
TIAUSDT,BUY,LIMIT,1701937999551,39,9.9091925
TIAUSDT,BUY,LIMIT,1701938032270,24,9.9170800
TIAUSDT,BUY,LIMIT,1701938104024,513,9.9412544
TIAUSDT,BUY,LIMIT,1701938355761,3,9.9889590
TIAUSDT,SELL,LIMIT,1701938587424,6,9.7065944
TIAUSDT,SELL,LIMIT,1701939315529,150,9.6897706
TIAUSDT,SELL,LIMIT,1701939365408,154,9.5923506
TIAUSDT,SELL,LIMIT,1701939369394,152,9.5856586
TIAUSDT,SELL,LIMIT,1701939371481,20,9.5795969
TIAUSDT,SELL,LIMIT,1701939393728,87,9.5763929
TIAUSDT,SELL,LIMIT,1701939407347,7,9.5693081
TIAUSDT,SELL,LIMIT,1701939409462,95,9.5667521
TIAUSDT,SELL,LIMIT,1701939418018,6,9.5657589
TIAUSDT,SELL,LIMIT,1701939456726,24,9.5543953
TIAUSDT,SELL,LIMIT,1701939471068,20,9.5613951
TIAUSDT,SELL,LIMIT,1701939526342,900,9.5028328
TIAUSDT,SELL,LIMIT,1701939527366,49,9.5381354
TIAUSDT,SELL,LIMIT,1701939534636,3,9.5429584
TIAUSDT,SELL,LIMIT,1701939568568,32,9.5450758
TIAUSDT,SELL,LIMIT,1701939571128,20,9.5284711
TIAUSDT,SELL,LIMIT,1701939953109,141,9.5967675
TIAUSDT,SELL,LIMIT,1701939954310,6,9.5987711
TIAUSDT,SELL,LIMIT,1701939971176,2,9.5960689
TIAUSDT,SELL,LIMIT,1701939999163,1,9.5983901
TIAUSDT,SELL,LIMIT,1701940022382,2,9.5669814
TIAUSDT,SELL,LIMIT,1701940049283,2,9.5606071
TIAUSDT,BUY,LIMIT,1701940110309,4,9.9442030
TIAUSDT,SELL,LIMIT,1701940451814,64,9.5676991
TIAUSDT,SELL,LIMIT,1701940556428,96,9.5522025
TIAUSDT,SELL,LIMIT,1701940563313,2,24.9266484
TIAUSDT,SELL,LIMIT,1701940615058,18,9.5320934
TIAUSDT,SELL,LIMIT,1701940616318,2,9.5115301
TIAUSDT,SELL,LIMIT,1701940675347,280,9.5051745
TIAUSDT,SELL,LIMIT,1701940676617,33,9.5029313
TIAUSDT,SELL,LIMIT,1701940693074,29,9.5026896
TIAUSDT,BUY,LIMIT,1701940826780,85,9.8716697
TIAUSDT,SELL,LIMIT,1701940910497,9,9.4995328
TIAUSDT,SELL,LIMIT,1701940911584,298,9.4950702
TIAUSDT,SELL,LIMIT,1701940912830,40,9.4948044
TIAUSDT,SELL,LIMIT,1701940914619,122,9.4943188
TIAUSDT,SELL,LIMIT,1701940916506,24,9.4903208
TIAUSDT,SELL,LIMIT,1701940920611,6,9.4867090
TIAUSDT,SELL,LIMIT,1701940922318,22,9.4836700
TIAUSDT,SELL,LIMIT,1701940924169,82,9.4749674
TIAUSDT,SELL,LIMIT,1701940925184,20,9.4726901
TIAUSDT,SELL,LIMIT,1701940938096,68,9.4715868
TIAUSDT,SELL,LIMIT,1701940961867,67,9.4712145
TIAUSDT,SELL,LIMIT,1701940983178,119,9.4670022
TIAUSDT,SELL,LIMIT,1701940986683,16,9.4655546
TIAUSDT,SELL,LIMIT,1701941010092,322,9.4649750
TIAUSDT,SELL,LIMIT,1701941011987,2,9.4592411
TIAUSDT,SELL,LIMIT,1701941013278,279,9.4517177
TIAUSDT,SELL,LIMIT,1701941014345,77,9.4454896
TIAUSDT,SELL,LIMIT,1701941015362,14,9.4432408
TIAUSDT,SELL,LIMIT,1701941016384,7,9.4393030
TIAUSDT,SELL,LIMIT,1701941020429,453,9.4327955
TIAUSDT,SELL,LIMIT,1701941026111,169,9.4290111
TIAUSDT,SELL,LIMIT,1701941040217,4,9.4214296
TIAUSDT,SELL,LIMIT,1701941042196,351,9.4197971
TIAUSDT,SELL,LIMIT,1701941072078,1,9.4146462
TIAUSDT,SELL,LIMIT,1701941073174,81,9.4134933
TIAUSDT,SELL,LIMIT,1701941081043,1,9.4099201
TIAUSDT,SELL,LIMIT,1701941082121,10,9.4069801
TIAUSDT,SELL,LIMIT,1701941098752,49,9.4109856
TIAUSDT,SELL,LIMIT,1701941107141,101,9.4015210
TIAUSDT,SELL,LIMIT,1701941108242,276,9.4011259
TIAUSDT,SELL,LIMIT,1701941143107,76,9.3951519
TIAUSDT,SELL,LIMIT,1701941145368,18,9.3971119
TIAUSDT,SELL,LIMIT,1701941146709,1,9.3945331
TIAUSDT,SELL,LIMIT,1701941148034,1,9.3922610
TIAUSDT,SELL,LIMIT,1701941149812,356,9.3811271
TIAUSDT,SELL,LIMIT,1701941151162,3,9.3793986
TIAUSDT,SELL,LIMIT,1701941153828,14,9.3760472
TIAUSDT,SELL,LIMIT,1701941157444,200,9.3733568
TIAUSDT,SELL,LIMIT,1701941174860,117,9.3759304
TIAUSDT,SELL,LIMIT,1701941176064,323,9.3732260
TIAUSDT,SELL,LIMIT,1701941178219,507,9.3716951
TIAUSDT,SELL,LIMIT,1701941180128,44,9.3711490
TIAUSDT,SELL,LIMIT,1701941181384,15,9.3797137
TIAUSDT,SELL,LIMIT,1701941182679,16,9.3687487
TIAUSDT,SELL,LIMIT,1701941183705,79,9.3394490
TIAUSDT,SELL,LIMIT,1701941185230,22,9.3709430
TIAUSDT,SELL,LIMIT,1701941186263,418,9.3362836
TIAUSDT,SELL,LIMIT,1701941187387,84,9.3273202
TIAUSDT,SELL,LIMIT,1701941188824,20,9.3233765
TIAUSDT,SELL,LIMIT,1701941190339,105,9.3217348
TIAUSDT,SELL,LIMIT,1701941191882,7,9.3205754
TIAUSDT,SELL,LIMIT,1701941195174,20,9.3325307
TIAUSDT,SELL,LIMIT,1701941205114,37,9.3481192
TIAUSDT,SELL,LIMIT,1701941207407,300,9.3190998
TIAUSDT,SELL,LIMIT,1701941208448,560,9.3180735
TIAUSDT,SELL,LIMIT,1701941234195,4,9.3095151
TIAUSDT,SELL,LIMIT,1701941235995,2,9.3120331
TIAUSDT,SELL,LIMIT,1701941237299,40,9.3061446
TIAUSDT,SELL,LIMIT,1701941238771,4,9.3028040
TIAUSDT,SELL,LIMIT,1701941240173,20,9.2890127
TIAUSDT,SELL,LIMIT,1701941243564,11,9.2843065
TIAUSDT,SELL,LIMIT,1701941245212,7,9.2777616
TIAUSDT,SELL,LIMIT,1701941246254,324,9.2757333
TIAUSDT,SELL,LIMIT,1701941247307,5,9.2711603
TIAUSDT,SELL,LIMIT,1701941248688,14,9.2693251
TIAUSDT,SELL,LIMIT,1701941250298,2,9.2652527
TIAUSDT,SELL,LIMIT,1701941256463,7,9.2610548
TIAUSDT,SELL,LIMIT,1701941257530,26,9.2586037
TIAUSDT,BUY,LIMIT,1701941333242,26,9.6047957
TIAUSDT,BUY,LIMIT,1701941343545,166,9.6261391
TIAUSDT,BUY,LIMIT,1701941350794,78,9.6439214
TIAUSDT,BUY,LIMIT,1701941356954,93,9.6593450
TIAUSDT,BUY,LIMIT,1701941362136,396,9.6671859
TIAUSDT,BUY,LIMIT,1701941458155,12,9.7126284
TIAUSDT,BUY,LIMIT,1701941685000,5,9.8198240
TIAUSDT,BUY,LIMIT,1701941694280,17,9.8313885
TIAUSDT,BUY,LIMIT,1701941696963,125,9.8436041
TIAUSDT,BUY,LIMIT,1701941727438,233,9.8791704
TIAUSDT,BUY,LIMIT,1701941731456,13,9.8884302
TIAUSDT,BUY,LIMIT,1701941766543,1,9.9043615
TIAUSDT,BUY,LIMIT,1701941769180,124,9.9276807
TIAUSDT,BUY,LIMIT,1701941798162,49,9.9478862
TIAUSDT,BUY,LIMIT,1701941801623,12,9.9555840
TIAUSDT,BUY,LIMIT,1701941803157,518,9.9593603
TIAUSDT,BUY,LIMIT,1701942078252,307,10.0045645
TIAUSDT,BUY,LIMIT,1701942081500,131,10.0150919
TIAUSDT,BUY,LIMIT,1701942123150,32,10.0235646
TIAUSDT,BUY,LIMIT,1701942128399,418,10.0393180
TIAUSDT,BUY,LIMIT,1701942136173,20,10.0490605
TIAUSDT,BUY,LIMIT,1701942139195,74,10.0616368
TIAUSDT,BUY,LIMIT,1701942144280,1,10.0699730
TIAUSDT,BUY,LIMIT,1701942147141,8,10.1192725
TIAUSDT,BUY,LIMIT,1701942150342,41,10.1243155
TIAUSDT,BUY,LIMIT,1701942173235,65,10.1336030
TIAUSDT,BUY,LIMIT,1701942174409,1,10.1460835
TIAUSDT,BUY,LIMIT,1701942178154,156,10.1650109
TIAUSDT,BUY,LIMIT,1701942207150,508,10.1682420
TIAUSDT,BUY,LIMIT,1701942208174,1,10.1967331
TIAUSDT,BUY,LIMIT,1701942209208,51,10.2073999
TIAUSDT,BUY,LIMIT,1701942210551,9,10.2132192
TIAUSDT,BUY,LIMIT,1701942220276,8,10.2535118
TIAUSDT,BUY,LIMIT,1701942225175,1,10.2640207
TIAUSDT,BUY,LIMIT,1701942226367,24,10.2659855
TIAUSDT,BUY,LIMIT,1701942231144,2,10.2867320
TIAUSDT,BUY,LIMIT,1701942232595,283,10.2866011
TIAUSDT,BUY,LIMIT,1701942235548,38,10.3064631
TIAUSDT,BUY,LIMIT,1701942356161,48,10.2217790
TIAUSDT,BUY,LIMIT,1701942373530,11,10.2684140
TIAUSDT,BUY,LIMIT,1701942376478,71,10.2835362
TIAUSDT,BUY,LIMIT,1701942389290,20,10.3148633
TIAUSDT,BUY,LIMIT,1701942413496,70,10.2866190
TIAUSDT,SELL,LIMIT,1701942441847,199,9.9320804
TIAUSDT,SELL,LIMIT,1701942443096,50,9.9237548
TIAUSDT,SELL,LIMIT,1701942616867,2,9.8510101
TIAUSDT,SELL,LIMIT,1701942619225,37,9.8344447
TIAUSDT,SELL,LIMIT,1701942620320,15,9.8346827
TIAUSDT,SELL,LIMIT,1701942670195,12,9.8238512
TIAUSDT,SELL,LIMIT,1701942737905,3,9.8329820
TIAUSDT,SELL,LIMIT,1701942794687,39,9.8055257
TIAUSDT,SELL,LIMIT,1701942797794,1,9.7933689
TIAUSDT,SELL,LIMIT,1701942799508,43,9.7899678
TIAUSDT,SELL,LIMIT,1701942807385,177,9.7895921
TIAUSDT,SELL,LIMIT,1701943398662,48,9.7741551
TIAUSDT,SELL,LIMIT,1701943407912,6,9.7600674
TIAUSDT,SELL,LIMIT,1701943463302,28,9.7457700
TIAUSDT,SELL,LIMIT,1701943464538,10,9.7451018
TIAUSDT,SELL,LIMIT,1701943470224,282,9.7395258
TIAUSDT,SELL,LIMIT,1701943524170,80,9.7137821
TIAUSDT,SELL,LIMIT,1701943577493,51,9.7034145
TIAUSDT,SELL,LIMIT,1701943587335,74,9.6986988
TIAUSDT,SELL,LIMIT,1701943592124,2471,9.6101329
TIAUSDT,SELL,LIMIT,1701943595794,271,9.6826360
TIAUSDT,SELL,LIMIT,1701943610731,1,9.6652434
TIAUSDT,SELL,LIMIT,1701943612898,44,9.6592562
TIAUSDT,SELL,LIMIT,1701943661689,119,9.6368542
TIAUSDT,SELL,LIMIT,1701943663652,37,9.6310224
TIAUSDT,SELL,LIMIT,1701943669130,23,9.6280571
TIAUSDT,SELL,LIMIT,1701943670482,91,9.6237075
TIAUSDT,BUY,LIMIT,1701943797321,4,9.9724431
TIAUSDT,BUY,LIMIT,1701943804076,61,9.9845162
TIAUSDT,BUY,LIMIT,1701943806257,44,9.9940400
TIAUSDT,SELL,LIMIT,1701944052130,47,9.6151100
TIAUSDT,SELL,LIMIT,1701944058594,50,9.6116453
TIAUSDT,SELL,LIMIT,1701944335384,79,9.5805224
TIAUSDT,SELL,LIMIT,1701944340539,99,9.5700466
TIAUSDT,SELL,LIMIT,1701944344628,67,9.5605716
TIAUSDT,SELL,LIMIT,1701944350658,5,9.5499557
TIAUSDT,BUY,LIMIT,1701944590825,106,9.9075353
TIAUSDT,BUY,LIMIT,1701944645631,28,9.9746344
TIAUSDT,SELL,LIMIT,1701944861377,1,9.6180418
TIAUSDT,BUY,LIMIT,1701945087181,111,9.9394923
TIAUSDT,BUY,LIMIT,1701945123396,441,9.9663087
TIAUSDT,BUY,LIMIT,1701945233645,3,9.9793193
TIAUSDT,BUY,LIMIT,1701945801248,10,10.0238133
TIAUSDT,SELL,LIMIT,1701945982460,1,9.6582048
TIAUSDT,SELL,LIMIT,1701946117358,217,9.6479489
TIAUSDT,SELL,LIMIT,1701946119399,19,9.6458430
TIAUSDT,SELL,LIMIT,1701946455786,71,9.6381919
TIAUSDT,SELL,LIMIT,1701946459849,132,9.6181968
TIAUSDT,BUY,LIMIT,1701946880656,111,9.9862418
TIAUSDT,BUY,LIMIT,1701946886109,2,9.9919069
TIAUSDT,BUY,LIMIT,1701947179376,202,9.9782060
TIAUSDT,BUY,LIMIT,1701947891923,8,10.0091945
TIAUSDT,BUY,LIMIT,1701947927207,38,10.0445652
TIAUSDT,BUY,LIMIT,1701948149080,19,10.0639180
TIAUSDT,SELL,LIMIT,1701948813944,141,9.6928199
TIAUSDT,SELL,LIMIT,1701949205288,22,9.6945641
TIAUSDT,SELL,LIMIT,1701949306665,252,9.6208490
TIAUSDT,SELL,LIMIT,1701949623726,83,9.6059601
TIAUSDT,SELL,LIMIT,1701949651054,11,9.5992951
TIAUSDT,SELL,LIMIT,1701949717264,5,9.5848381
TIAUSDT,SELL,LIMIT,1701950511307,420,9.5574374
TIAUSDT,SELL,LIMIT,1701950513407,26,9.5518804
TIAUSDT,SELL,LIMIT,1701950518501,166,9.5418342
TIAUSDT,SELL,LIMIT,1701950521088,1,9.5266835
TIAUSDT,SELL,LIMIT,1701950676446,3,9.5247778
TIAUSDT,BUY,LIMIT,1701951246740,103,9.9171590
TIAUSDT,BUY,LIMIT,1701951309533,38,9.8755120
TIAUSDT,BUY,LIMIT,1701951324769,22,9.9272075
TIAUSDT,BUY,LIMIT,1701951355086,11,9.9781164
TIAUSDT,BUY,LIMIT,1701951369809,5,9.1243195
TIAUSDT,BUY,LIMIT,1701951387219,27,9.9769064
TIAUSDT,BUY,LIMIT,1701951418316,25,9.9955405
TIAUSDT,SELL,LIMIT,1701951553074,172,9.6974110
TIAUSDT,BUY,LIMIT,1701951844448,16,10.0176260
TIAUSDT,BUY,LIMIT,1701952028276,150,10.0409883
TIAUSDT,BUY,LIMIT,1701952173152,7,10.0496465
TIAUSDT,BUY,LIMIT,1701952211748,59,10.0644962
TIAUSDT,BUY,LIMIT,1701952225848,93,10.0636099
TIAUSDT,BUY,LIMIT,1701952247021,1,10.0850628
TIAUSDT,BUY,LIMIT,1701952253355,10,10.0871725
TIAUSDT,BUY,LIMIT,1701952293306,510,10.1246436
TIAUSDT,BUY,LIMIT,1701952317071,28,10.1347724
TIAUSDT,BUY,LIMIT,1701952651106,16,10.1708279
TIAUSDT,BUY,LIMIT,1701952652258,1,10.1746239
TIAUSDT,BUY,LIMIT,1701952653292,244,10.1765452
TIAUSDT,BUY,LIMIT,1701952654480,82,10.1953959
TIAUSDT,BUY,LIMIT,1701952656363,1,10.2029285
TIAUSDT,BUY,LIMIT,1701952657706,5,10.2185213
TIAUSDT,BUY,LIMIT,1701952662400,9,10.2223876
TIAUSDT,BUY,LIMIT,1701952679788,27,10.2346404
TIAUSDT,BUY,LIMIT,1701952695034,200,10.2416403
TIAUSDT,BUY,LIMIT,1701952770276,10,10.2582061
TIAUSDT,BUY,LIMIT,1701952774255,37,10.2694650
TIAUSDT,BUY,LIMIT,1701952787031,5,10.2846842
TIAUSDT,BUY,LIMIT,1701952788090,24,10.2860066
TIAUSDT,BUY,LIMIT,1701952849048,282,10.3003890
TIAUSDT,BUY,LIMIT,1701952929263,1,10.3157306
TIAUSDT,BUY,LIMIT,1701952930292,44,10.3167680
TIAUSDT,BUY,LIMIT,1701952931493,1,10.3228702
TIAUSDT,BUY,LIMIT,1701952932711,1,10.3306839
TIAUSDT,BUY,LIMIT,1701952934121,174,10.3392751
TIAUSDT,BUY,LIMIT,1701952935521,171,10.3457929
TIAUSDT,BUY,LIMIT,1701952937824,1,10.3469048
TIAUSDT,SELL,LIMIT,1701953175241,1,9.9606595
TIAUSDT,BUY,LIMIT,1701953186169,6,10.2391772
TIAUSDT,BUY,LIMIT,1701953274094,12,10.3611225
TIAUSDT,BUY,LIMIT,1701953275224,30,10.3686491
TIAUSDT,BUY,LIMIT,1701953298054,1,10.4241921
TIAUSDT,BUY,LIMIT,1701953301370,123,10.4351064
TIAUSDT,BUY,LIMIT,1701953305185,32,10.4602461
TIAUSDT,SELL,LIMIT,1701953333348,324,10.0978023
TIAUSDT,BUY,LIMIT,1701953360051,35,10.3953254
TIAUSDT,BUY,LIMIT,1701953363290,75,10.4191975
TIAUSDT,BUY,LIMIT,1701953364348,25,10.4234787
TIAUSDT,BUY,LIMIT,1701953383830,34,10.4533768
TIAUSDT,BUY,LIMIT,1701953386533,344,10.4757353
TIAUSDT,BUY,LIMIT,1701953388462,2,10.4801699
TIAUSDT,SELL,LIMIT,1701953550225,17,10.0864671
TIAUSDT,SELL,LIMIT,1701953567931,8,10.0738904
TIAUSDT,SELL,LIMIT,1701953668879,485,10.0524877
TIAUSDT,BUY,LIMIT,1701953728868,192,10.4153052
TIAUSDT,SELL,LIMIT,1701953767303,12,10.0563186
TIAUSDT,BUY,LIMIT,1701953798050,49,10.3908634
TIAUSDT,BUY,LIMIT,1701953863959,45,10.4180597
TIAUSDT,BUY,LIMIT,1701953976518,9,10.4510665
TIAUSDT,BUY,LIMIT,1701954014461,14,10.4882092
TIAUSDT,SELL,LIMIT,1701954070329,4,10.1211555
TIAUSDT,BUY,LIMIT,1701954111893,10,10.4888692
TIAUSDT,BUY,LIMIT,1701954115139,1,10.5040864
TIAUSDT,BUY,LIMIT,1701954116171,218,10.5138366
TIAUSDT,BUY,LIMIT,1701954118707,113,10.5244021
TIAUSDT,BUY,LIMIT,1701954120153,155,10.5342382
TIAUSDT,SELL,LIMIT,1701954257323,57,10.1563208
TIAUSDT,SELL,LIMIT,1701954261929,10,10.1461007
TIAUSDT,SELL,LIMIT,1701954263895,26,10.1373974
TIAUSDT,SELL,LIMIT,1701954281317,48,10.1274400
TIAUSDT,SELL,LIMIT,1701954322237,365,10.1096990
TIAUSDT,SELL,LIMIT,1701954469959,170,10.0875563
TIAUSDT,SELL,LIMIT,1701954480612,26,10.0830693
TIAUSDT,SELL,LIMIT,1701954490110,352,10.0612361
TIAUSDT,SELL,LIMIT,1701954492500,50,10.0523893
TIAUSDT,SELL,LIMIT,1701954494051,5,10.0440069
TIAUSDT,SELL,LIMIT,1701954495086,4,10.0422267
TIAUSDT,SELL,LIMIT,1701954549626,15,10.0374881
TIAUSDT,SELL,LIMIT,1701954580659,485,10.0511902
TIAUSDT,BUY,LIMIT,1701955111518,2,10.4418209
TIAUSDT,BUY,LIMIT,1701955136462,1,10.4530398
TIAUSDT,BUY,LIMIT,1701955363757,97,10.5161104
TIAUSDT,SELL,LIMIT,1701955451859,149,10.1548721
TIAUSDT,BUY,LIMIT,1701955906133,15,10.5512818
TIAUSDT,BUY,LIMIT,1701955919593,500,10.5595230
TIAUSDT,BUY,LIMIT,1701955922006,79,10.5583658
TIAUSDT,BUY,LIMIT,1701955923742,2,10.5575666
TIAUSDT,SELL,LIMIT,1701956027174,33,10.1797716
TIAUSDT,SELL,LIMIT,1701956028439,12,10.1724661
TIAUSDT,SELL,LIMIT,1701956204855,481,10.1381584
TIAUSDT,SELL,LIMIT,1701956560306,9,10.1764546
TIAUSDT,SELL,LIMIT,1701956572838,493,10.1544499
TIAUSDT,SELL,LIMIT,1701956596509,31,10.1077460
TIAUSDT,SELL,LIMIT,1701956597799,155,10.1033489
TIAUSDT,SELL,LIMIT,1701956599592,17,10.0972538
TIAUSDT,SELL,LIMIT,1701956605202,210,10.0960286
TIAUSDT,SELL,LIMIT,1701956645567,83,10.0450664
TIAUSDT,SELL,LIMIT,1701956887235,36,10.0797014
TIAUSDT,SELL,LIMIT,1701956988132,20,10.0180583
TIAUSDT,SELL,LIMIT,1701957326891,489,10.0029154
TIAUSDT,SELL,LIMIT,1701957329265,41,9.9961211
TIAUSDT,BUY,LIMIT,1701957369490,48,10.3496701
TIAUSDT,SELL,LIMIT,1701958007055,4,9.9809145
TIAUSDT,BUY,LIMIT,1701958455907,493,10.3329569
TIAUSDT,BUY,LIMIT,1701958492615,24,10.3579697
TIAUSDT,SELL,LIMIT,1701958581051,344,9.9899045
TIAUSDT,SELL,LIMIT,1701958584449,1,9.9813250
TIAUSDT,SELL,LIMIT,1701958591197,1,9.9697475
TIAUSDT,SELL,LIMIT,1701958628833,3,9.9599044
TIAUSDT,SELL,LIMIT,1701958633219,1,9.9519045
TIAUSDT,SELL,LIMIT,1701958635589,79,9.9398237
TIAUSDT,SELL,LIMIT,1701958641324,1,9.9323490
TIAUSDT,SELL,LIMIT,1701958644855,5,9.9279227
TIAUSDT,SELL,LIMIT,1701958649471,212,9.9191757
TIAUSDT,SELL,LIMIT,1701958683177,76,9.9098006
TIAUSDT,SELL,LIMIT,1701958684991,74,9.9059410
TIAUSDT,SELL,LIMIT,1701958695454,7,9.8990899
TIAUSDT,SELL,LIMIT,1701958698008,1,9.8934528
TIAUSDT,SELL,LIMIT,1701958728044,19,9.8906439
TIAUSDT,SELL,LIMIT,1701958730738,273,9.8851662
TIAUSDT,SELL,LIMIT,1701958745622,6,9.8787753
TIAUSDT,SELL,LIMIT,1701958747807,167,9.8695668
TIAUSDT,SELL,LIMIT,1701958749743,2,9.8572720
TIAUSDT,SELL,LIMIT,1701958787400,100,9.8548412
TIAUSDT,BUY,LIMIT,1701958970541,2,10.1030246
TIAUSDT,BUY,LIMIT,1701959144460,46,10.1551579
TIAUSDT,BUY,LIMIT,1701959153752,1,10.2099373
TIAUSDT,BUY,LIMIT,1701959183146,13,10.2246674
TIAUSDT,BUY,LIMIT,1701959187214,12,10.2303769
TIAUSDT,BUY,LIMIT,1701959213976,1,10.2513009
TIAUSDT,BUY,LIMIT,1701959222424,21,10.2682972
TIAUSDT,BUY,LIMIT,1701959686234,3,10.3067216
TIAUSDT,BUY,LIMIT,1701959757093,75,10.3514344
TIAUSDT,SELL,LIMIT,1701959997858,50,9.9588321
TIAUSDT,SELL,LIMIT,1701960351364,5,9.9050301
TIAUSDT,BUY,LIMIT,1701960900176,17,10.2895040
TIAUSDT,BUY,LIMIT,1701961135735,36,10.3261794
TIAUSDT,BUY,LIMIT,1701961181248,45,10.3510443
TIAUSDT,BUY,LIMIT,1701961253995,31,10.3658748
TIAUSDT,BUY,LIMIT,1701961302051,25,10.4265454
TIAUSDT,BUY,LIMIT,1701961371878,1,10.4509807
TIAUSDT,BUY,LIMIT,1701961394016,1,10.4558587
TIAUSDT,BUY,LIMIT,1701961398400,6,10.4725424
TIAUSDT,SELL,LIMIT,1701961569626,7,10.0843879
TIAUSDT,SELL,LIMIT,1701961609101,6,10.0457634
TIAUSDT,SELL,LIMIT,1701961751339,138,10.0334023
TIAUSDT,SELL,LIMIT,1701961753946,2,10.0226141
TIAUSDT,BUY,LIMIT,1701961920704,4,10.4203095
TIAUSDT,BUY,LIMIT,1701962642376,325,10.3744704
TIAUSDT,BUY,LIMIT,1701962709733,2,10.4329040
TIAUSDT,SELL,LIMIT,1701962887085,485,10.0912039
TIAUSDT,BUY,LIMIT,1701963050904,111,10.4665545
TIAUSDT,BUY,LIMIT,1701963067560,4,10.5061716
TIAUSDT,BUY,LIMIT,1701963098687,1,10.5213520
TIAUSDT,BUY,LIMIT,1701963664535,41,10.5321185
TIAUSDT,BUY,LIMIT,1701963689020,199,10.5483609
TIAUSDT,SELL,LIMIT,1701963786406,4,10.1867900
TIAUSDT,SELL,LIMIT,1701964003153,1,10.1525881
TIAUSDT,SELL,LIMIT,1701964004474,425,10.1333452
TIAUSDT,SELL,LIMIT,1701964007279,25,10.1265444
TIAUSDT,SELL,LIMIT,1701964011231,17,10.1046875
TIAUSDT,SELL,LIMIT,1701964156266,337,10.0684646
TIAUSDT,BUY,LIMIT,1701964208410,486,10.4777161
TIAUSDT,BUY,LIMIT,1701964215567,9,10.5224220
TIAUSDT,BUY,LIMIT,1701964224595,80,10.5605500
TIAUSDT,BUY,LIMIT,1701964230333,330,10.5649711
TIAUSDT,BUY,LIMIT,1701964231388,16,10.5751590
TIAUSDT,BUY,LIMIT,1701964245174,29,10.5866611
TIAUSDT,BUY,LIMIT,1701964247223,6,10.5950981
TIAUSDT,BUY,LIMIT,1701964249773,18,10.5976199
TIAUSDT,BUY,LIMIT,1701964250882,4,10.6010296
TIAUSDT,SELL,LIMIT,1701964346565,159,10.2159937
TIAUSDT,BUY,LIMIT,1701964380536,10,10.4343045
TIAUSDT,SELL,LIMIT,1701964405179,14,10.2494868
TIAUSDT,SELL,LIMIT,1701964468662,7,10.1404202
TIAUSDT,SELL,LIMIT,1701964482327,56,10.1253334
TIAUSDT,SELL,LIMIT,1701964606327,40,10.0814888
TIAUSDT,SELL,LIMIT,1701964615640,160,10.0680524
TIAUSDT,SELL,LIMIT,1701964646213,17,10.0562351
TIAUSDT,SELL,LIMIT,1701964761410,49,10.0359465
TIAUSDT,SELL,LIMIT,1701964767919,88,10.0159990
TIAUSDT,SELL,LIMIT,1701964770370,4,10.0134091
TIAUSDT,SELL,LIMIT,1701964796955,32,10.0079057
TIAUSDT,SELL,LIMIT,1701964805517,4,10.0057836
TIAUSDT,SELL,LIMIT,1701964806870,8,9.9918433
TIAUSDT,SELL,LIMIT,1701964808410,387,9.9800055
TIAUSDT,SELL,LIMIT,1701964810256,20,9.9721218
TIAUSDT,SELL,LIMIT,1701964814963,40,9.9560091
TIAUSDT,SELL,LIMIT,1701964855375,69,9.9476533
TIAUSDT,SELL,LIMIT,1701964862362,150,9.9442116
TIAUSDT,SELL,LIMIT,1701964892323,1,9.9119354
TIAUSDT,SELL,LIMIT,1701964898238,31,9.9121909
TIAUSDT,SELL,LIMIT,1701964899536,44,9.9084705
TIAUSDT,SELL,LIMIT,1701964901104,363,9.9027477
TIAUSDT,SELL,LIMIT,1701964907742,40,9.9001182
TIAUSDT,SELL,LIMIT,1701964918579,295,9.8982916
TIAUSDT,SELL,LIMIT,1701964924451,13,9.8964318
TIAUSDT,SELL,LIMIT,1701964926528,123,9.8896109
TIAUSDT,SELL,LIMIT,1701964927738,23,9.8877128
TIAUSDT,SELL,LIMIT,1701964933024,2,9.8787439
TIAUSDT,SELL,LIMIT,1701964941052,2,9.8771773
TIAUSDT,SELL,LIMIT,1701964949142,480,9.8624469
TIAUSDT,BUY,LIMIT,1701965002829,34,10.2108366
TIAUSDT,SELL,LIMIT,1701965077327,32,9.8367689
TIAUSDT,SELL,LIMIT,1701965078368,3,9.8420714
TIAUSDT,SELL,LIMIT,1701965082642,15,9.8238821
TIAUSDT,SELL,LIMIT,1701965084051,16,9.8178447
TIAUSDT,SELL,LIMIT,1701965085091,60,9.8183041
TIAUSDT,SELL,LIMIT,1701965086639,26,9.8178424
TIAUSDT,SELL,LIMIT,1701965090780,70,9.8137763
TIAUSDT,SELL,LIMIT,1701965092003,143,9.8124239
TIAUSDT,SELL,LIMIT,1701965099265,21,9.8093277
TIAUSDT,SELL,LIMIT,1701965101064,39,9.7978604
TIAUSDT,SELL,LIMIT,1701965102151,158,9.8035526
TIAUSDT,SELL,LIMIT,1701965103323,48,9.7780660
TIAUSDT,SELL,LIMIT,1701965119979,8,9.7759602
TIAUSDT,SELL,LIMIT,1701965132341,71,9.7669004
TIAUSDT,SELL,LIMIT,1701965216179,6,9.7591966
TIAUSDT,SELL,LIMIT,1701965223256,4,9.7576340
TIAUSDT,SELL,LIMIT,1701965225131,500,9.7516119
TIAUSDT,SELL,LIMIT,1701965226296,495,9.7482436
TIAUSDT,SELL,LIMIT,1701965227496,211,9.7353938
TIAUSDT,SELL,LIMIT,1701965228514,11,9.7312178
TIAUSDT,SELL,LIMIT,1701965235450,31,9.7266866
TIAUSDT,SELL,LIMIT,1701965267814,33,9.7181702
TIAUSDT,SELL,LIMIT,1701965283150,20,9.7128966
TIAUSDT,SELL,LIMIT,1701965284250,18,9.7111013
TIAUSDT,SELL,LIMIT,1701965285747,10,9.7068011
TIAUSDT,SELL,LIMIT,1701965287217,651,9.6748331
TIAUSDT,SELL,LIMIT,1701965288261,66,9.6999839
TIAUSDT,SELL,LIMIT,1701965289478,14,9.6953919
TIAUSDT,SELL,LIMIT,1701965303589,28,9.6927565
TIAUSDT,SELL,LIMIT,1701965307903,9,9.6887473
TIAUSDT,SELL,LIMIT,1701965320414,2,9.6839526
TIAUSDT,SELL,LIMIT,1701965394800,197,9.6891404
TIAUSDT,SELL,LIMIT,1701965426702,482,9.6752776
TIAUSDT,SELL,LIMIT,1701965428079,156,9.6668655
TIAUSDT,SELL,LIMIT,1701965429289,26,9.6670090
TIAUSDT,SELL,LIMIT,1701965432121,2,9.6630367
TIAUSDT,SELL,LIMIT,1701965438380,3,9.6548465
TIAUSDT,SELL,LIMIT,1701965439827,80,9.6547902
TIAUSDT,SELL,LIMIT,1701965443534,1,9.6503632
TIAUSDT,SELL,LIMIT,1701965444556,12,9.6518350
TIAUSDT,SELL,LIMIT,1701965445766,102,9.6483163
TIAUSDT,SELL,LIMIT,1701965450031,29,9.6460517
TIAUSDT,SELL,LIMIT,1701965451411,21,9.6410212
TIAUSDT,SELL,LIMIT,1701965453359,210,9.6379147
TIAUSDT,BUY,LIMIT,1701965516368,107,9.9845792
TIAUSDT,SELL,LIMIT,1701965635986,298,9.7045568
TIAUSDT,SELL,LIMIT,1701965719168,18,9.6703953
TIAUSDT,SELL,LIMIT,1701965720356,5,9.6704913
TIAUSDT,BUY,LIMIT,1701966211525,11,10.0584611
TIAUSDT,BUY,LIMIT,1701966223866,506,10.0882368
TIAUSDT,BUY,LIMIT,1701966231233,16,10.0940873
TIAUSDT,BUY,LIMIT,1701966259682,12,10.0964016
TIAUSDT,BUY,LIMIT,1701966400995,9,10.1109228
TIAUSDT,BUY,LIMIT,1701966810004,200,10.1309994
TIAUSDT,BUY,LIMIT,1701966860672,10,10.1778594
TIAUSDT,SELL,LIMIT,1701967031221,4,9.9013186
TIAUSDT,BUY,LIMIT,1701967577178,22,10.2556179
TIAUSDT,SELL,LIMIT,1701967627154,1,9.8760864
TIAUSDT,SELL,LIMIT,1701967629928,7,9.8685618
TIAUSDT,SELL,LIMIT,1701967637502,1,9.8394861
TIAUSDT,BUY,LIMIT,1701968129459,70,10.1609279
TIAUSDT,BUY,LIMIT,1701968186764,51,10.1351578
TIAUSDT,SELL,LIMIT,1701968589595,6,9.7832577
TIAUSDT,SELL,LIMIT,1701968673404,9,9.7669215
TIAUSDT,SELL,LIMIT,1701968684426,9,9.7331531
TIAUSDT,BUY,LIMIT,1701968976935,10,10.1171829
TIAUSDT,BUY,LIMIT,1701969024547,180,10.1168247
TIAUSDT,BUY,LIMIT,1701969109261,108,10.1739107
TIAUSDT,BUY,LIMIT,1701969114171,302,10.1902408
TIAUSDT,SELL,LIMIT,1701969351472,494,9.8988341
TIAUSDT,SELL,LIMIT,1701969645839,25,9.8407644
TIAUSDT,BUY,LIMIT,1701969888212,10,9.9658731
TIAUSDT,BUY,LIMIT,1701970155738,7,10.2215113
TIAUSDT,SELL,LIMIT,1701970494418,3,9.8542448
TIAUSDT,SELL,LIMIT,1701970502982,88,9.8450751
TIAUSDT,SELL,LIMIT,1701970536376,78,9.8260236
TIAUSDT,SELL,LIMIT,1701971024300,1,9.7841662
TIAUSDT,SELL,LIMIT,1701971029537,96,9.7644139
TIAUSDT,SELL,LIMIT,1701971031173,18,9.7572639
TIAUSDT,SELL,LIMIT,1701971374274,255,9.7682640
TIAUSDT,SELL,LIMIT,1701971381235,75,9.7556866
TIAUSDT,BUY,LIMIT,1701971570671,1,10.1512587
TIAUSDT,BUY,LIMIT,1701971590185,1,10.1776040
TIAUSDT,SELL,LIMIT,1701972219873,63,9.7690061
TIAUSDT,SELL,LIMIT,1701972335441,16,9.7289835
TIAUSDT,SELL,LIMIT,1701972353672,9,9.7157587
TIAUSDT,SELL,LIMIT,1701972358466,2,9.7097808
TIAUSDT,SELL,LIMIT,1701972853169,29,9.6686667
TIAUSDT,SELL,LIMIT,1701972937272,5,9.6348045
TIAUSDT,BUY,LIMIT,1701973055841,255,9.9850373
TIAUSDT,BUY,LIMIT,1701973655240,4,10.0443161
TIAUSDT,BUY,LIMIT,1701973674313,45,10.0598323
TIAUSDT,SELL,LIMIT,1701974056499,5,9.6946657
TIAUSDT,SELL,LIMIT,1701974059374,159,9.6914492
TIAUSDT,SELL,LIMIT,1701974436512,345,9.6319469
TIAUSDT,SELL,LIMIT,1701974438182,4,9.6311053
TIAUSDT,SELL,LIMIT,1701974502888,16,9.6277014
TIAUSDT,SELL,LIMIT,1701974504104,20,9.6180223
TIAUSDT,SELL,LIMIT,1701974505268,29,9.6169284
TIAUSDT,SELL,LIMIT,1701974932534,222,9.6495439
TIAUSDT,BUY,LIMIT,1701975501517,28,9.9723630
TIAUSDT,BUY,LIMIT,1701975715556,101,10.0078068
TIAUSDT,SELL,LIMIT,1701977165306,11,9.6253447
TIAUSDT,SELL,LIMIT,1701977193795,166,9.6144165
TIAUSDT,SELL,LIMIT,1701977267418,6,9.6156861
TIAUSDT,SELL,LIMIT,1701977293275,10,9.6069620
TIAUSDT,SELL,LIMIT,1701977294378,510,9.6059339
TIAUSDT,SELL,LIMIT,1701977295866,106,9.6028591
TIAUSDT,SELL,LIMIT,1701977297222,2,9.5885070
TIAUSDT,SELL,LIMIT,1701977298755,6,9.5795795
TIAUSDT,BUY,LIMIT,1701977422774,172,9.9264676
TIAUSDT,BUY,LIMIT,1701977436625,128,9.9495688
TIAUSDT,SELL,LIMIT,1701980307685,1,9.6023241
TIAUSDT,SELL,LIMIT,1701980489655,6,9.6068690
TIAUSDT,SELL,LIMIT,1701980571604,12,9.5905784
TIAUSDT,SELL,LIMIT,1701980585435,41,9.5856261
TIAUSDT,SELL,LIMIT,1701980594980,119,9.5776476
TIAUSDT,SELL,LIMIT,1701980841280,113,9.5765064
TIAUSDT,SELL,LIMIT,1701980860366,157,9.5746331
TIAUSDT,SELL,LIMIT,1701980868372,10,9.5707853
TIAUSDT,SELL,LIMIT,1701981142205,53,9.6031321
TIAUSDT,SELL,LIMIT,1701981370122,18,9.5648631
TIAUSDT,SELL,LIMIT,1701981498182,17,9.5583064
TIAUSDT,SELL,LIMIT,1701981544782,52,9.5530383
TIAUSDT,SELL,LIMIT,1701981546022,206,9.5505658
TIAUSDT,SELL,LIMIT,1701981547243,64,9.5412219
TIAUSDT,SELL,LIMIT,1701981548975,47,9.5357851
TIAUSDT,SELL,LIMIT,1701981570199,586,9.5217643
TIAUSDT,SELL,LIMIT,1701981618095,362,9.5308768
TIAUSDT,SELL,LIMIT,1701981620140,46,9.5295058
TIAUSDT,SELL,LIMIT,1701981621182,11,9.5268996
TIAUSDT,SELL,LIMIT,1701983097148,308,9.5810852
TIAUSDT,SELL,LIMIT,1701983137259,19,9.5390970
TIAUSDT,SELL,LIMIT,1701983144488,3,9.5261445
TIAUSDT,SELL,LIMIT,1701983152210,97,9.5189644
TIAUSDT,SELL,LIMIT,1701983156473,444,9.5150656
TIAUSDT,SELL,LIMIT,1701983222088,571,9.4952246
TIAUSDT,SELL,LIMIT,1701983224378,14,9.4882511
TIAUSDT,SELL,LIMIT,1701983270133,33,9.4765770
TIAUSDT,SELL,LIMIT,1701983271318,370,9.4743015
TIAUSDT,SELL,LIMIT,1701983461304,554,9.4616000
TIAUSDT,SELL,LIMIT,1701983462832,20,9.4661423
TIAUSDT,BUY,LIMIT,1701983713896,28,9.7996379
TIAUSDT,BUY,LIMIT,1701983873590,195,9.8461862
TIAUSDT,SELL,LIMIT,1701984010965,3,9.4756502
TIAUSDT,SELL,LIMIT,1701984317314,9,9.4537060
TIAUSDT,SELL,LIMIT,1701984319827,200,9.4494494
TIAUSDT,SELL,LIMIT,1701984328149,14,9.4491281
TIAUSDT,SELL,LIMIT,1701984351324,86,9.4456882
TIAUSDT,SELL,LIMIT,1701984353046,378,9.4422317
TIAUSDT,SELL,LIMIT,1701984564831,387,9.4375142
TIAUSDT,BUY,LIMIT,1701984758722,61,9.6911459
TIAUSDT,BUY,LIMIT,1701985321396,4,9.7768874
TIAUSDT,BUY,LIMIT,1701986281693,71,9.8053770
TIAUSDT,SELL,LIMIT,1701986381473,1,9.4448671
TIAUSDT,SELL,LIMIT,1701987387028,80,9.4363001
TIAUSDT,SELL,LIMIT,1701987389087,2,9.4332991
TIAUSDT,SELL,LIMIT,1701987427807,51,9.4284077
TIAUSDT,SELL,LIMIT,1701987450693,63,9.4311513
TIAUSDT,SELL,LIMIT,1701987465727,90,9.4299961
TIAUSDT,SELL,LIMIT,1701987557966,20,9.4249872
TIAUSDT,SELL,LIMIT,1701987573073,47,9.4205870
TIAUSDT,SELL,LIMIT,1701987622191,50,9.4168185
TIAUSDT,BUY,LIMIT,1701987768246,1,9.7019609
TIAUSDT,SELL,LIMIT,1701987815517,31,9.4165281
TIAUSDT,SELL,LIMIT,1701987827505,509,9.4250197
TIAUSDT,SELL,LIMIT,1701987831095,24,9.4099216
TIAUSDT,SELL,LIMIT,1701987832940,195,9.4089000
TIAUSDT,SELL,LIMIT,1701987835622,5,9.4093261
TIAUSDT,SELL,LIMIT,1701988105600,156,9.4032533
TIAUSDT,SELL,LIMIT,1701988288858,19,9.3962103
TIAUSDT,SELL,LIMIT,1701988289906,6,9.3925988
TIAUSDT,SELL,LIMIT,1701988290917,12,9.3873662
TIAUSDT,SELL,LIMIT,1701988307771,129,9.3900051
TIAUSDT,SELL,LIMIT,1701988317388,32,9.3865041
TIAUSDT,SELL,LIMIT,1701988318501,224,9.3789463
TIAUSDT,SELL,LIMIT,1701988320292,73,9.3745567
TIAUSDT,SELL,LIMIT,1701988321321,6,9.3685321
TIAUSDT,SELL,LIMIT,1701988343098,22,9.3571981
TIAUSDT,SELL,LIMIT,1701988344105,9,9.3415030
TIAUSDT,SELL,LIMIT,1701988345114,35,9.3450269
TIAUSDT,SELL,LIMIT,1701988346198,47,9.3318148
TIAUSDT,SELL,LIMIT,1701988347273,77,9.3306157
TIAUSDT,SELL,LIMIT,1701988350268,28,9.3268821
TIAUSDT,SELL,LIMIT,1701988352512,103,9.3237409
TIAUSDT,SELL,LIMIT,1701988367160,63,9.3484066
TIAUSDT,SELL,LIMIT,1701988386066,10,9.3198806
TIAUSDT,SELL,LIMIT,1701988387138,38,9.3199865
TIAUSDT,SELL,LIMIT,1701988403158,38,9.3650119
TIAUSDT,SELL,LIMIT,1701988438650,8,9.3289089
TIAUSDT,SELL,LIMIT,1701988456472,20,9.3132437
TIAUSDT,SELL,LIMIT,1701988466099,318,9.3118362
TIAUSDT,SELL,LIMIT,1701988467148,1,9.3064098
TIAUSDT,SELL,LIMIT,1701988468292,364,9.3010799
TIAUSDT,SELL,LIMIT,1701988469375,20,9.2987564
TIAUSDT,SELL,LIMIT,1701988470620,5,9.2936721
TIAUSDT,SELL,LIMIT,1701988476802,4,9.2934208
TIAUSDT,BUY,LIMIT,1701988831848,2,9.6616995
TIAUSDT,BUY,LIMIT,1701989093452,185,9.6942793
TIAUSDT,BUY,LIMIT,1701989130123,3,9.7044217
TIAUSDT,SELL,LIMIT,1701989476132,229,9.3853765
TIAUSDT,BUY,LIMIT,1701990246333,243,9.7603695
TIAUSDT,SELL,LIMIT,1701990689670,75,9.4177780
TIAUSDT,SELL,LIMIT,1701990852149,67,9.3886498
TIAUSDT,SELL,LIMIT,1701991036468,10,9.3839966
TIAUSDT,SELL,LIMIT,1701991442473,4,9.3830116
TIAUSDT,BUY,LIMIT,1701991873711,17,9.7134721
TIAUSDT,SELL,LIMIT,1701993066005,83,9.3734610
TIAUSDT,BUY,LIMIT,1701993927417,57,9.7123602
TIAUSDT,BUY,LIMIT,1701993934176,525,9.7253524
TIAUSDT,BUY,LIMIT,1701993968051,35,9.7574386
TIAUSDT,BUY,LIMIT,1701993969599,81,9.7600028
TIAUSDT,SELL,LIMIT,1701994170323,38,9.4349788
TIAUSDT,BUY,LIMIT,1701994803052,86,9.7682253
TIAUSDT,BUY,LIMIT,1701994822489,52,9.7779971
TIAUSDT,BUY,LIMIT,1701994887056,49,9.7858630
TIAUSDT,BUY,LIMIT,1701995089246,10,9.8066328
TIAUSDT,BUY,LIMIT,1701995107145,22,9.8304346
TIAUSDT,SELL,LIMIT,1701997297760,32,9.5071001
TIAUSDT,SELL,LIMIT,1701997403789,34,9.4836781
TIAUSDT,SELL,LIMIT,1701997440205,37,9.4688428
TIAUSDT,SELL,LIMIT,1701997471101,18,9.4260709
TIAUSDT,SELL,LIMIT,1701997472280,31,9.4298923
TIAUSDT,BUY,LIMIT,1701998372167,525,9.8936660
TIAUSDT,SELL,LIMIT,1701999419153,1,9.6005421
TIAUSDT,BUY,LIMIT,1701999886465,20,9.9666367
TIAUSDT,BUY,LIMIT,1701999931294,82,9.9851063
TIAUSDT,BUY,LIMIT,1701999932744,17,9.9879600
TIAUSDT,BUY,LIMIT,1701999941421,105,10.0029003
TIAUSDT,BUY,LIMIT,1702000060732,79,10.0232394
TIAUSDT,BUY,LIMIT,1702000068042,16,10.0338029
TIAUSDT,BUY,LIMIT,1702000092421,3,10.0389177
TIAUSDT,BUY,LIMIT,1702000114689,205,10.0537861
TIAUSDT,BUY,LIMIT,1702000230441,4,10.0661596
TIAUSDT,BUY,LIMIT,1702000649131,396,10.0853596
TIAUSDT,SELL,LIMIT,1702000865788,21,9.7417076
TIAUSDT,SELL,LIMIT,1702000896451,3,9.7288521
TIAUSDT,SELL,LIMIT,1702000897706,29,9.7138846
TIAUSDT,SELL,LIMIT,1702000905432,172,9.7096188
TIAUSDT,SELL,LIMIT,1702001182167,63,9.6566497
TIAUSDT,SELL,LIMIT,1702001185759,304,9.6560036
TIAUSDT,SELL,LIMIT,1702001350686,12,9.6351600
TIAUSDT,BUY,LIMIT,1702001795540,11,10.0009533
TIAUSDT,SELL,LIMIT,1702002716356,51,9.6356641
TIAUSDT,SELL,LIMIT,1702002736183,27,9.6237387
TIAUSDT,SELL,LIMIT,1702002739344,36,9.6757760
TIAUSDT,SELL,LIMIT,1702002757443,139,9.5991965
TIAUSDT,SELL,LIMIT,1702002759045,29,9.5961660
TIAUSDT,SELL,LIMIT,1702002871302,585,9.6243104
TIAUSDT,SELL,LIMIT,1702002907854,371,9.5809782
TIAUSDT,SELL,LIMIT,1702003074454,232,9.5526428
TIAUSDT,SELL,LIMIT,1702003174326,4,9.5164703
TIAUSDT,SELL,LIMIT,1702003179059,47,9.5110745
TIAUSDT,SELL,LIMIT,1702003219188,274,9.5010209
TIAUSDT,SELL,LIMIT,1702003267373,200,9.5149797
TIAUSDT,SELL,LIMIT,1702003268534,51,9.5170314
TIAUSDT,SELL,LIMIT,1702003566364,369,9.4777707
TIAUSDT,SELL,LIMIT,1702003651114,1,9.5737033
TIAUSDT,SELL,LIMIT,1702003653222,1,9.5954217
TIAUSDT,SELL,LIMIT,1702003692721,4,9.4712599
TIAUSDT,SELL,LIMIT,1702003694294,12,9.4691921
TIAUSDT,SELL,LIMIT,1702003712840,15,9.4672291
TIAUSDT,SELL,LIMIT,1702003722506,12,9.4663426
TIAUSDT,SELL,LIMIT,1702003765738,103,9.4608152
TIAUSDT,SELL,LIMIT,1702003767657,6,9.4498902
TIAUSDT,SELL,LIMIT,1702003775899,1,9.4385111
TIAUSDT,SELL,LIMIT,1702003821049,57,9.4212514
TIAUSDT,SELL,LIMIT,1702003834258,259,9.4181504
TIAUSDT,SELL,LIMIT,1702003882056,6,9.4150167
TIAUSDT,BUY,LIMIT,1702004074154,38,9.8061878
TIAUSDT,SELL,LIMIT,1702004391285,3,9.5161621
TIAUSDT,SELL,LIMIT,1702004400735,16,9.5134248
TIAUSDT,SELL,LIMIT,1702004555477,7,9.4644805
TIAUSDT,SELL,LIMIT,1702005052331,16,9.4398859
TIAUSDT,BUY,LIMIT,1702005325251,1,9.7845540
TIAUSDT,BUY,LIMIT,1702005810784,8,9.7443246
TIAUSDT,SELL,LIMIT,1702006109698,1,9.4057232
TIAUSDT,SELL,LIMIT,1702006187141,18,9.3971701
TIAUSDT,SELL,LIMIT,1702006202150,33,9.3917930
TIAUSDT,SELL,LIMIT,1702006213795,133,9.3897133
TIAUSDT,SELL,LIMIT,1702006215081,4,9.3887997
TIAUSDT,SELL,LIMIT,1702006244062,32,9.3785364
TIAUSDT,SELL,LIMIT,1702006539794,3,9.4029235
TIAUSDT,SELL,LIMIT,1702006595950,200,9.4023348
TIAUSDT,SELL,LIMIT,1702006676761,261,9.3758945
TIAUSDT,SELL,LIMIT,1702006680445,16,9.3731033
TIAUSDT,SELL,LIMIT,1702006721284,14,9.3710992
TIAUSDT,SELL,LIMIT,1702006821196,22,9.3619501
TIAUSDT,SELL,LIMIT,1702006825161,425,9.3603586
TIAUSDT,SELL,LIMIT,1702006826695,366,9.3566264
TIAUSDT,SELL,LIMIT,1702006828134,6,9.3485878
TIAUSDT,SELL,LIMIT,1702006829371,15,9.3467194
TIAUSDT,SELL,LIMIT,1702006831315,127,9.3419142
TIAUSDT,SELL,LIMIT,1702008227855,43,9.3387660
TIAUSDT,SELL,LIMIT,1702008229234,61,9.3349760
TIAUSDT,SELL,LIMIT,1702008293309,13,9.3250084
TIAUSDT,SELL,LIMIT,1702008295325,234,9.3229765
TIAUSDT,SELL,LIMIT,1702008454994,17,9.3197592
TIAUSDT,BUY,LIMIT,1702008773755,32,9.6573079
TIAUSDT,SELL,LIMIT,1702008990043,25,9.3494848
TIAUSDT,SELL,LIMIT,1702009350174,10,9.3187653
TIAUSDT,SELL,LIMIT,1702009484148,61,9.2962452
TIAUSDT,SELL,LIMIT,1702009485165,5,9.2695992
TIAUSDT,SELL,LIMIT,1702009486172,630,9.2055699
TIAUSDT,SELL,LIMIT,1702009487220,87,9.2012746
TIAUSDT,SELL,LIMIT,1702009488244,32,9.1986894
TIAUSDT,SELL,LIMIT,1702009531138,79,9.1644324
TIAUSDT,SELL,LIMIT,1702009532157,19,9.1549416
TIAUSDT,SELL,LIMIT,1702009533170,25,9.1434697
TIAUSDT,SELL,LIMIT,1702009534173,120,9.1448379
TIAUSDT,SELL,LIMIT,1702009636729,67,9.1420465
TIAUSDT,SELL,LIMIT,1702009638647,54,9.1372716
TIAUSDT,SELL,LIMIT,1702009639993,3,9.1330516
TIAUSDT,SELL,LIMIT,1702009641482,75,9.1291243
TIAUSDT,SELL,LIMIT,1702009683059,2,9.1245924
TIAUSDT,SELL,LIMIT,1702009684166,18,9.1274885
TIAUSDT,SELL,LIMIT,1702009691094,1236,9.0690934
TIAUSDT,SELL,LIMIT,1702009692108,80,9.1212035
TIAUSDT,SELL,LIMIT,1702009745082,254,9.1156175
TIAUSDT,SELL,LIMIT,1702009746125,4,9.1091111
TIAUSDT,SELL,LIMIT,1702009747351,113,9.1125151
TIAUSDT,SELL,LIMIT,1702009748393,156,9.1018190
TIAUSDT,SELL,LIMIT,1702009766840,7,9.0936338
TIAUSDT,SELL,LIMIT,1702009767867,25,9.0923104
TIAUSDT,SELL,LIMIT,1702009792293,40,9.0832521
TIAUSDT,SELL,LIMIT,1702009793381,650,9.0678315
TIAUSDT,SELL,LIMIT,1702009794416,132,9.0757695
TIAUSDT,SELL,LIMIT,1702009795513,61,9.0467910
TIAUSDT,SELL,LIMIT,1702009796517,254,9.0339128
TIAUSDT,SELL,LIMIT,1702009797528,26,9.0212329
TIAUSDT,SELL,LIMIT,1702009798609,126,9.0014701
TIAUSDT,BUY,LIMIT,1702009991387,1,9.4361335
TIAUSDT,BUY,LIMIT,1702010013532,1,9.4466870
TIAUSDT,SELL,LIMIT,1702010325440,18,9.1133261
TIAUSDT,SELL,LIMIT,1702011015412,250,9.1425731
TIAUSDT,SELL,LIMIT,1702011118930,6,9.1269116
TIAUSDT,SELL,LIMIT,1702011161992,60,9.0970495
TIAUSDT,BUY,LIMIT,1702012166231,16,9.4624780
TIAUSDT,BUY,LIMIT,1702012221613,74,9.4868934
TIAUSDT,BUY,LIMIT,1702013780520,116,9.5222634
TIAUSDT,BUY,LIMIT,1702013847077,5,9.5423568
TIAUSDT,SELL,LIMIT,1702013882844,2,10.2582659
TIAUSDT,SELL,LIMIT,1702014094760,163,9.2138801
TIAUSDT,BUY,LIMIT,1702014322475,429,9.5547573
TIAUSDT,BUY,LIMIT,1702014330936,58,9.5619437
TIAUSDT,SELL,LIMIT,1702016232891,8,9.3407908
TIAUSDT,BUY,LIMIT,1702016272460,88,9.6620581
TIAUSDT,SELL,LIMIT,1702017235788,10,9.3163931
TIAUSDT,SELL,LIMIT,1702017590985,11,9.2734888
TIAUSDT,BUY,LIMIT,1702018169385,52,9.5595118
TIAUSDT,BUY,LIMIT,1702018170404,1,9.1585044
TIAUSDT,BUY,LIMIT,1702018767118,2,9.6028510
TIAUSDT,SELL,LIMIT,1702019159595,3,9.2505774
TIAUSDT,SELL,LIMIT,1702019161133,5,9.2478846
TIAUSDT,SELL,LIMIT,1702019165823,203,9.2460107
TIAUSDT,SELL,LIMIT,1702019171907,4,9.2444479
TIAUSDT,SELL,LIMIT,1702019200295,29,9.2309318
TIAUSDT,SELL,LIMIT,1702019542107,21,9.2610241
TIAUSDT,BUY,LIMIT,1702019721248,19,9.5924983
TIAUSDT,BUY,LIMIT,1702019749566,51,9.6065160
TIAUSDT,SELL,LIMIT,1702020223545,275,9.3535213
TIAUSDT,SELL,LIMIT,1702020506995,18,9.3041316
TIAUSDT,SELL,LIMIT,1702020510525,109,9.2831937
TIAUSDT,SELL,LIMIT,1702020564103,53,9.2777185
TIAUSDT,SELL,LIMIT,1702020594313,105,9.2722045
TIAUSDT,SELL,LIMIT,1702020639442,100,9.2635188
TIAUSDT,SELL,LIMIT,1702020665050,50,9.2249444
TIAUSDT,SELL,LIMIT,1702020666061,400,9.2191943
TIAUSDT,SELL,LIMIT,1702020670884,36,9.2182666
TIAUSDT,SELL,LIMIT,1702022554183,96,9.2467781
TIAUSDT,SELL,LIMIT,1702023600802,15,9.2124092
TIAUSDT,SELL,LIMIT,1702023603607,21,9.2107808
TIAUSDT,BUY,LIMIT,1702023794181,14,9.5814575
TIAUSDT,SELL,LIMIT,1702024889215,37,9.2289315
TIAUSDT,BUY,LIMIT,1702027192069,5,9.5914562
TIAUSDT,BUY,LIMIT,1702027943480,80,9.6202508
TIAUSDT,BUY,LIMIT,1702027945252,18,9.6211358
TIAUSDT,BUY,LIMIT,1702027953649,2,9.6309023
TIAUSDT,SELL,LIMIT,1702029180386,10,9.2700035
TIAUSDT,SELL,LIMIT,1702030588307,11,9.2855728
TIAUSDT,SELL,LIMIT,1702032111470,111,9.2533122
TIAUSDT,BUY,LIMIT,1702032395244,510,9.5856590
TIAUSDT,BUY,LIMIT,1702032462009,29,9.5991443
TIAUSDT,BUY,LIMIT,1702032499063,530,9.6069636
TIAUSDT,BUY,LIMIT,1702032524515,16,9.6375310
TIAUSDT,BUY,LIMIT,1702032555040,236,9.6703688
TIAUSDT,BUY,LIMIT,1702032576254,24,9.6854991
TIAUSDT,BUY,LIMIT,1702033210498,223,9.6968014
TIAUSDT,BUY,LIMIT,1702033212423,82,9.7062309
TIAUSDT,BUY,LIMIT,1702033236529,60,9.7305007
TIAUSDT,BUY,LIMIT,1702033237799,233,9.7458103
TIAUSDT,BUY,LIMIT,1702033275954,70,9.7498707
TIAUSDT,BUY,LIMIT,1702033278487,133,9.7564953
TIAUSDT,BUY,LIMIT,1702033289748,106,9.7602255
TIAUSDT,BUY,LIMIT,1702033297374,51,9.7690388
TIAUSDT,BUY,LIMIT,1702033351481,222,9.7748811
TIAUSDT,BUY,LIMIT,1702033367021,7,9.7925568
TIAUSDT,BUY,LIMIT,1702033369712,12,9.7934910
TIAUSDT,BUY,LIMIT,1702034736465,6,9.7596278
TIAUSDT,BUY,LIMIT,1702034997963,14,9.7873900
TIAUSDT,BUY,LIMIT,1702035268164,226,9.7571380
TIAUSDT,BUY,LIMIT,1702035478972,21,9.8011261
TIAUSDT,BUY,LIMIT,1702035490208,3,9.7191347
TIAUSDT,BUY,LIMIT,1702035494364,5,9.7906245
TIAUSDT,BUY,LIMIT,1702035784322,53,9.8026370
TIAUSDT,BUY,LIMIT,1702035827545,3,9.8038416
TIAUSDT,BUY,LIMIT,1702036080602,1359,9.8772204
TIAUSDT,BUY,LIMIT,1702036142184,21,9.8364304
TIAUSDT,BUY,LIMIT,1702036199814,42,9.8513440
TIAUSDT,BUY,LIMIT,1702036231081,3,9.8563633
TIAUSDT,BUY,LIMIT,1702036258634,33,9.8594264
TIAUSDT,BUY,LIMIT,1702036281407,219,9.8645199
TIAUSDT,BUY,LIMIT,1702036285189,133,9.8753505
TIAUSDT,BUY,LIMIT,1702036287640,1,9.8764247
TIAUSDT,BUY,LIMIT,1702036294740,35,9.8790484
TIAUSDT,BUY,LIMIT,1702036297120,10,9.8854416
TIAUSDT,BUY,LIMIT,1702036298151,2,9.8952625
TIAUSDT,BUY,LIMIT,1702036299815,79,9.8970399
TIAUSDT,BUY,LIMIT,1702036310418,165,9.9154753
TIAUSDT,BUY,LIMIT,1702036362142,41,9.9206100
TIAUSDT,BUY,LIMIT,1702036363252,20,9.9206100
TIAUSDT,BUY,LIMIT,1702036399455,170,9.9309930
TIAUSDT,BUY,LIMIT,1702036407576,3,9.9312541
TIAUSDT,SELL,LIMIT,1702036886230,510,9.5844910
TIAUSDT,SELL,LIMIT,1702036888379,33,9.5788516
TIAUSDT,SELL,LIMIT,1702036893399,49,9.5717750
TIAUSDT,SELL,LIMIT,1702036932731,4,9.5466718
TIAUSDT,SELL,LIMIT,1702036995607,49,9.5429141
TIAUSDT,SELL,LIMIT,1702037074754,2,9.5185271
TIAUSDT,BUY,LIMIT,1702037708962,449,9.8810509
TIAUSDT,BUY,LIMIT,1702037719958,22,9.8910402
TIAUSDT,BUY,LIMIT,1702037721029,10,9.8932158
TIAUSDT,BUY,LIMIT,1702037724431,63,9.9071937
TIAUSDT,SELL,LIMIT,1702037756052,28,9.6882627
TIAUSDT,BUY,LIMIT,1702037758522,4,9.9802673
TIAUSDT,BUY,LIMIT,1702037773206,132,10.0001624
TIAUSDT,BUY,LIMIT,1702037774413,146,10.0045744
TIAUSDT,BUY,LIMIT,1702037800443,103,10.0127713
TIAUSDT,BUY,LIMIT,1702037817994,47,10.0100257
TIAUSDT,BUY,LIMIT,1702037881936,46,10.0003265
TIAUSDT,BUY,LIMIT,1702037885338,110,10.0199506
TIAUSDT,BUY,LIMIT,1702037959212,60,10.0341667
TIAUSDT,BUY,LIMIT,1702037960875,49,10.0376662
TIAUSDT,BUY,LIMIT,1702037968722,347,10.0456366
TIAUSDT,BUY,LIMIT,1702037991395,26,10.0505846
TIAUSDT,BUY,LIMIT,1702038321196,16,10.0603051
TIAUSDT,BUY,LIMIT,1702038384264,5,10.0656015
TIAUSDT,BUY,LIMIT,1702038437187,399,10.0509277
TIAUSDT,BUY,LIMIT,1702038451695,1,10.0488331
TIAUSDT,SELL,LIMIT,1702038460306,8,9.7625321
TIAUSDT,BUY,LIMIT,1702038475237,83,10.0570514
TIAUSDT,BUY,LIMIT,1702038478060,82,10.0693183
TIAUSDT,BUY,LIMIT,1702038481625,5,10.0724860
TIAUSDT,BUY,LIMIT,1702038483122,77,10.0730903
TIAUSDT,BUY,LIMIT,1702038484187,13,10.0857289
TIAUSDT,BUY,LIMIT,1702038552523,117,10.1012344
TIAUSDT,BUY,LIMIT,1702038554757,1,10.1065330
TIAUSDT,SELL,LIMIT,1702038619281,53,9.7402126
TIAUSDT,SELL,LIMIT,1702038661941,23,9.7333861
TIAUSDT,SELL,LIMIT,1702038666601,2,9.7174661
TIAUSDT,SELL,LIMIT,1702038742105,58,9.6994918
TIAUSDT,SELL,LIMIT,1702039074450,75,9.6835351
TIAUSDT,BUY,LIMIT,1702039428374,45,10.0267364
TIAUSDT,SELL,LIMIT,1702039773434,163,9.7221496
TIAUSDT,SELL,LIMIT,1702040069155,49,9.6913638
TIAUSDT,SELL,LIMIT,1702040118194,211,9.6492724
TIAUSDT,SELL,LIMIT,1702040125485,19,9.6463138
TIAUSDT,BUY,LIMIT,1702040289141,37,9.9651628
TIAUSDT,SELL,LIMIT,1702040452185,10,9.6395441
TIAUSDT,SELL,LIMIT,1702040454817,72,9.6304651
TIAUSDT,SELL,LIMIT,1702040477975,19,9.6157621
TIAUSDT,SELL,LIMIT,1702040531551,466,9.6265213
TIAUSDT,SELL,LIMIT,1702040603654,6,9.6116673
TIAUSDT,SELL,LIMIT,1702040605420,5,9.6015141
TIAUSDT,SELL,LIMIT,1702040808365,263,9.6199041
TIAUSDT,SELL,LIMIT,1702040868582,29,9.5656340
TIAUSDT,SELL,LIMIT,1702041002093,314,9.5473507
TIAUSDT,SELL,LIMIT,1702041017261,122,9.5361371
TIAUSDT,SELL,LIMIT,1702041145388,19,9.5414981
TIAUSDT,SELL,LIMIT,1702041291800,88,9.5286645
TIAUSDT,SELL,LIMIT,1702041605054,53,9.5398851
TIAUSDT,SELL,LIMIT,1702042234091,61,9.5070514
TIAUSDT,SELL,LIMIT,1702042237233,7,9.4844723
TIAUSDT,SELL,LIMIT,1702042238682,55,9.4914791
TIAUSDT,SELL,LIMIT,1702042240303,5,9.4726137
TIAUSDT,SELL,LIMIT,1702042241473,100,9.4731206
TIAUSDT,SELL,LIMIT,1702042269181,58,9.4585928
TIAUSDT,SELL,LIMIT,1702042271300,709,9.4251194
TIAUSDT,BUY,LIMIT,1702042464155,156,9.7917116
TIAUSDT,SELL,LIMIT,1702042536180,257,9.4821438
TIAUSDT,BUY,LIMIT,1702043170562,73,9.8227031
TIAUSDT,BUY,LIMIT,1702043228323,7,9.8268894
TIAUSDT,SELL,LIMIT,1702043684302,512,9.5094749
TIAUSDT,SELL,LIMIT,1702043687173,312,9.4730644
TIAUSDT,SELL,LIMIT,1702043854882,243,9.4522887
TIAUSDT,SELL,LIMIT,1702043864361,10,9.4521401
TIAUSDT,SELL,LIMIT,1702043945692,39,9.4430805
TIAUSDT,SELL,LIMIT,1702043990238,516,9.4484156
TIAUSDT,SELL,LIMIT,1702044288972,67,9.4227464
TIAUSDT,SELL,LIMIT,1702044297199,18,9.4193439
TIAUSDT,SELL,LIMIT,1702044302933,2,9.4146477
TIAUSDT,SELL,LIMIT,1702044322830,35,9.3991786
TIAUSDT,SELL,LIMIT,1702044327606,29,9.3940423
TIAUSDT,SELL,LIMIT,1702044329084,6,9.3770956
TIAUSDT,SELL,LIMIT,1702044330362,7,9.3740949
TIAUSDT,SELL,LIMIT,1702044331365,438,9.3674846
TIAUSDT,SELL,LIMIT,1702044332523,228,9.3486624
TIAUSDT,SELL,LIMIT,1702044426413,150,9.3531661
TIAUSDT,SELL,LIMIT,1702044462106,450,9.3369173
TIAUSDT,SELL,LIMIT,1702044464373,229,9.3343649
TIAUSDT,SELL,LIMIT,1702044477017,23,9.3309213
TIAUSDT,SELL,LIMIT,1702044480246,13,9.3283323
TIAUSDT,SELL,LIMIT,1702044486333,30,9.3214200
TIAUSDT,SELL,LIMIT,1702044488434,262,9.3202761
TIAUSDT,SELL,LIMIT,1702044492248,12,9.3088778
TIAUSDT,SELL,LIMIT,1702044493396,259,9.3055237
TIAUSDT,SELL,LIMIT,1702044510542,19,9.2864644
TIAUSDT,BUY,LIMIT,1702044679346,16,9.6280050
TIAUSDT,BUY,LIMIT,1702044967255,108,9.6528432
TIAUSDT,SELL,LIMIT,1702045559506,8,9.3115992
TIAUSDT,BUY,LIMIT,1702046241165,9,9.6696611
TIAUSDT,BUY,LIMIT,1702046339284,16,9.7267377
TIAUSDT,BUY,LIMIT,1702046351895,3,9.7309059
TIAUSDT,BUY,LIMIT,1702046661637,305,9.7774442
TIAUSDT,BUY,LIMIT,1702046741197,54,9.8099485
TIAUSDT,SELL,LIMIT,1702046810098,13,9.5680094
TIAUSDT,SELL,LIMIT,1702047108734,20,9.4460527
TIAUSDT,SELL,LIMIT,1702047197337,82,9.3791247
TIAUSDT,SELL,LIMIT,1702047621502,16,9.3890201
TIAUSDT,BUY,LIMIT,1702047718633,1,9.2048163
TIAUSDT,BUY,LIMIT,1702048135502,3,9.7431214
TIAUSDT,SELL,LIMIT,1702048458674,15,9.3994640
TIAUSDT,SELL,LIMIT,1702049081021,9,9.3631885
TIAUSDT,SELL,LIMIT,1702049098303,3,9.3428086
TIAUSDT,SELL,LIMIT,1702049100034,208,9.3355021
TIAUSDT,SELL,LIMIT,1702049452198,45,9.3041483
TIAUSDT,SELL,LIMIT,1702049475534,141,9.2897078
TIAUSDT,SELL,LIMIT,1702049479031,23,9.2856720
TIAUSDT,SELL,LIMIT,1702049480362,27,9.2729091
TIAUSDT,SELL,LIMIT,1702049496561,15,9.2651007
TIAUSDT,SELL,LIMIT,1702049498175,8,9.2650528
TIAUSDT,SELL,LIMIT,1702049499721,18,9.2629401
TIAUSDT,SELL,LIMIT,1702049502116,116,9.2571347
TIAUSDT,SELL,LIMIT,1702049507487,11,9.2422079
TIAUSDT,BUY,LIMIT,1702050225881,100,9.6037682
TIAUSDT,SELL,LIMIT,1702050475845,1,9.3060161
TIAUSDT,SELL,LIMIT,1702050920137,368,9.2366454
TIAUSDT,SELL,LIMIT,1702050922238,35,9.2337291
TIAUSDT,SELL,LIMIT,1702051266367,47,9.2510785
TIAUSDT,SELL,LIMIT,1702051817770,41,9.2655849
TIAUSDT,SELL,LIMIT,1702051835787,15,9.2377263
TIAUSDT,SELL,LIMIT,1702051840228,342,9.2293676
TIAUSDT,SELL,LIMIT,1702051842155,41,9.2238680
TIAUSDT,SELL,LIMIT,1702051873166,37,9.2201530
TIAUSDT,SELL,LIMIT,1702051875241,390,9.2137236
TIAUSDT,SELL,LIMIT,1702051876310,7,9.2043001
TIAUSDT,SELL,LIMIT,1702051877631,183,9.2016517
TIAUSDT,SELL,LIMIT,1702051918296,31,9.1969128
TIAUSDT,SELL,LIMIT,1702051919297,488,9.1872268
TIAUSDT,SELL,LIMIT,1702051920345,10,9.1873111
TIAUSDT,SELL,LIMIT,1702051921599,64,9.1836107
TIAUSDT,SELL,LIMIT,1702052292125,60,9.1503525
TIAUSDT,SELL,LIMIT,1702052293204,109,9.1457915
TIAUSDT,SELL,LIMIT,1702052324468,2,9.1404018
TIAUSDT,BUY,LIMIT,1702052530226,10,9.4268011
TIAUSDT,SELL,LIMIT,1702052866822,85,9.1397677
TIAUSDT,SELL,LIMIT,1702052871709,69,9.1393249
TIAUSDT,BUY,LIMIT,1702053032843,10,9.4810592
TIAUSDT,BUY,LIMIT,1702053228444,205,9.4814270
TIAUSDT,SELL,LIMIT,1702053844466,134,9.1746465
TIAUSDT,SELL,LIMIT,1702053856288,113,9.1602616
TIAUSDT,SELL,LIMIT,1702053858069,23,9.1588063
TIAUSDT,SELL,LIMIT,1702053861554,265,9.1510371
TIAUSDT,SELL,LIMIT,1702054080240,5,9.1472177
TIAUSDT,SELL,LIMIT,1702054174948,10,9.1412016
TIAUSDT,SELL,LIMIT,1702054181958,107,9.1312834
TIAUSDT,SELL,LIMIT,1702054183817,10,9.1304344
TIAUSDT,SELL,LIMIT,1702054347814,3,9.1853981
TIAUSDT,SELL,LIMIT,1702054510602,513,9.1228660
TIAUSDT,SELL,LIMIT,1702054511750,175,9.1223696
TIAUSDT,SELL,LIMIT,1702054512791,170,9.1172966
TIAUSDT,SELL,LIMIT,1702054515478,10,9.1157641
TIAUSDT,SELL,LIMIT,1702054567465,54,9.1140317
TIAUSDT,SELL,LIMIT,1702054568484,67,9.1094165
TIAUSDT,SELL,LIMIT,1702054570444,21,9.1051003
TIAUSDT,SELL,LIMIT,1702054572455,96,9.1037927
TIAUSDT,SELL,LIMIT,1702054599712,8,9.1013612
TIAUSDT,SELL,LIMIT,1702054608170,141,9.0958224
TIAUSDT,SELL,LIMIT,1702054609353,1,9.0884867
TIAUSDT,SELL,LIMIT,1702054610444,6,9.0923840
TIAUSDT,SELL,LIMIT,1702054614061,30,9.0656949
TIAUSDT,SELL,LIMIT,1702054615147,9,9.0669221
TIAUSDT,SELL,LIMIT,1702054616199,29,9.0603696
TIAUSDT,SELL,LIMIT,1702054617419,7,9.0531516
TIAUSDT,SELL,LIMIT,1702054619945,194,9.0513851
TIAUSDT,SELL,LIMIT,1702054748207,94,9.0426174
TIAUSDT,SELL,LIMIT,1702054749234,38,9.0405417
TIAUSDT,SELL,LIMIT,1702054750307,55,9.0371688
TIAUSDT,SELL,LIMIT,1702054772728,1,9.0338171
TIAUSDT,SELL,LIMIT,1702054795279,6,9.0334990
TIAUSDT,SELL,LIMIT,1702054826400,223,9.0312098
TIAUSDT,SELL,LIMIT,1702054842330,106,9.0255468
TIAUSDT,SELL,LIMIT,1702055116069,33,9.0212900
TIAUSDT,SELL,LIMIT,1702055117216,1,9.0219326
TIAUSDT,SELL,LIMIT,1702055120997,26,9.0131396
TIAUSDT,SELL,LIMIT,1702055122484,2,9.0117350
TIAUSDT,SELL,LIMIT,1702055124413,264,9.0013759
TIAUSDT,SELL,LIMIT,1702055138392,175,8.9992707
TIAUSDT,SELL,LIMIT,1702055139622,5,8.9982361
TIAUSDT,SELL,LIMIT,1702055202123,389,8.9972058
TIAUSDT,SELL,LIMIT,1702055203137,10,8.9974443
TIAUSDT,SELL,LIMIT,1702055204257,10,8.9914509
TIAUSDT,SELL,LIMIT,1702055206689,10,8.9874637
TIAUSDT,SELL,LIMIT,1702055208360,39,8.9848134
TIAUSDT,SELL,LIMIT,1702055209989,4,8.9832078
TIAUSDT,SELL,LIMIT,1702055212420,3,8.9831216
TIAUSDT,SELL,LIMIT,1702055213629,2,8.9818160
TIAUSDT,SELL,LIMIT,1702055222208,37,8.9802667
TIAUSDT,SELL,LIMIT,1702055223316,79,8.9760759
TIAUSDT,SELL,LIMIT,1702055224612,12,8.9710532
TIAUSDT,SELL,LIMIT,1702055225643,21,8.9704659
TIAUSDT,SELL,LIMIT,1702055226700,80,8.9594072
TIAUSDT,SELL,LIMIT,1702055228060,15,8.9447115
TIAUSDT,SELL,LIMIT,1702055229079,5,8.9267729
TIAUSDT,SELL,LIMIT,1702055230271,71,8.9223781
TIAUSDT,SELL,LIMIT,1702055237333,52,8.9215891
TIAUSDT,SELL,LIMIT,1702055238544,1,8.9169279
TIAUSDT,SELL,LIMIT,1702055246060,43,8.9142159
TIAUSDT,SELL,LIMIT,1702055255484,20,8.9133980
TIAUSDT,SELL,LIMIT,1702055256785,88,8.9066220
TIAUSDT,SELL,LIMIT,1702055258378,140,8.9054507
TIAUSDT,SELL,LIMIT,1702055261045,6,8.9019406
TIAUSDT,SELL,LIMIT,1702055262136,23,8.8923361
TIAUSDT,SELL,LIMIT,1702055263271,45,8.8963271
TIAUSDT,SELL,LIMIT,1702055268196,36,8.8974908
TIAUSDT,SELL,LIMIT,1702055283166,28,8.8889312
TIAUSDT,SELL,LIMIT,1702055284206,50,8.8875201
TIAUSDT,SELL,LIMIT,1702055289940,221,8.8838215
TIAUSDT,SELL,LIMIT,1702055473500,1,8.9010891
TIAUSDT,SELL,LIMIT,1702055523630,75,8.8830056
TIAUSDT,SELL,LIMIT,1702055524934,2,8.8823114
TIAUSDT,SELL,LIMIT,1702055526797,14,8.8823809
TIAUSDT,SELL,LIMIT,1702055530756,1,8.8815761
TIAUSDT,SELL,LIMIT,1702055533688,1,8.8785257
TIAUSDT,SELL,LIMIT,1702055535816,26,8.8729994
TIAUSDT,SELL,LIMIT,1702055537410,128,8.8723328
TIAUSDT,SELL,LIMIT,1702055538547,2,8.8644052
TIAUSDT,SELL,LIMIT,1702055540104,185,8.8542639
TIAUSDT,SELL,LIMIT,1702055625577,12,8.8635226
TIAUSDT,SELL,LIMIT,1702055660088,122,8.8500024
TIAUSDT,SELL,LIMIT,1702055661111,2,8.8409807
TIAUSDT,SELL,LIMIT,1702055662148,53,8.8228261
TIAUSDT,SELL,LIMIT,1702055664431,2,8.8067250
TIAUSDT,SELL,LIMIT,1702055669058,255,8.7879201
TIAUSDT,SELL,LIMIT,1702055670121,2,8.7802078
TIAUSDT,SELL,LIMIT,1702055671155,74,8.7660076
TIAUSDT,SELL,LIMIT,1702055686771,85,8.7804357
TIAUSDT,SELL,LIMIT,1702055702312,260,8.7637421
TIAUSDT,SELL,LIMIT,1702055711292,8,8.7608005
TIAUSDT,SELL,LIMIT,1702055713472,1,8.7602884
TIAUSDT,SELL,LIMIT,1702055714510,87,8.7579544
TIAUSDT,SELL,LIMIT,1702055716226,22,8.7513977
TIAUSDT,SELL,LIMIT,1702055718845,54,8.7505458
TIAUSDT,SELL,LIMIT,1702055747471,41,8.7497395
TIAUSDT,SELL,LIMIT,1702055759011,200,8.7502090
TIAUSDT,SELL,LIMIT,1702055760282,5,8.7469727
TIAUSDT,SELL,LIMIT,1702055761331,83,8.7425203
TIAUSDT,SELL,LIMIT,1702055762372,942,8.7088240
TIAUSDT,SELL,LIMIT,1702055832695,93,8.7366249
TIAUSDT,BUY,LIMIT,1702055928056,2,9.0646803
TIAUSDT,BUY,LIMIT,1702055944411,12,9.0692850
TIAUSDT,SELL,LIMIT,1702056149424,87,8.8249070
TIAUSDT,SELL,LIMIT,1702056164786,51,8.8209608
TIAUSDT,SELL,LIMIT,1702056441873,6,8.8101100
TIAUSDT,SELL,LIMIT,1702056447063,130,8.8081656
TIAUSDT,SELL,LIMIT,1702056453840,8,8.8047644
TIAUSDT,SELL,LIMIT,1702056468135,21,8.7950407
TIAUSDT,BUY,LIMIT,1702056625873,114,9.0763686
TIAUSDT,SELL,LIMIT,1702056666533,32,8.7847739
TIAUSDT,SELL,LIMIT,1702056669136,34,8.7726061
TIAUSDT,SELL,LIMIT,1702056783204,11,8.7559998
TIAUSDT,SELL,LIMIT,1702056789575,46,8.7585216
TIAUSDT,BUY,LIMIT,1702056902138,277,9.0695082
TIAUSDT,BUY,LIMIT,1702056908580,181,9.0770723
TIAUSDT,SELL,LIMIT,1702057179806,37,8.7748970
TIAUSDT,SELL,LIMIT,1702057197234,342,8.7630217
TIAUSDT,SELL,LIMIT,1702057227475,20,8.7564624
TIAUSDT,SELL,LIMIT,1702057367384,77,8.7447731
TIAUSDT,SELL,LIMIT,1702057374115,507,8.7285368
TIAUSDT,SELL,LIMIT,1702057375539,50,8.7315008
TIAUSDT,SELL,LIMIT,1702057376636,139,8.7263662
TIAUSDT,SELL,LIMIT,1702057377728,108,8.7231544
TIAUSDT,SELL,LIMIT,1702057378810,22,8.7221317
TIAUSDT,SELL,LIMIT,1702057380531,490,8.7187359
TIAUSDT,SELL,LIMIT,1702057382636,77,8.7168230
TIAUSDT,SELL,LIMIT,1702057384057,6,8.7161435
TIAUSDT,SELL,LIMIT,1702057385127,891,8.6812731
TIAUSDT,BUY,LIMIT,1702057686866,8,9.0405578
TIAUSDT,BUY,LIMIT,1702057913094,14,9.1099864
TIAUSDT,BUY,LIMIT,1702058178837,84,9.1203630
TIAUSDT,BUY,LIMIT,1702058180636,178,9.1217643
TIAUSDT,BUY,LIMIT,1702058390117,4,9.1453687
TIAUSDT,BUY,LIMIT,1702058420733,89,9.1512938
TIAUSDT,SELL,LIMIT,1702058491191,27,8.8394036
TIAUSDT,SELL,LIMIT,1702058492275,4,8.8347580
TIAUSDT,SELL,LIMIT,1702058493318,67,8.8304349
TIAUSDT,SELL,LIMIT,1702058528193,554,8.8239259
TIAUSDT,SELL,LIMIT,1702058562189,188,8.8111368
TIAUSDT,BUY,LIMIT,1702059374524,34,9.2041213
TIAUSDT,SELL,LIMIT,1702060899413,550,8.8887893
TIAUSDT,SELL,LIMIT,1702060911410,11,8.8698735
TIAUSDT,SELL,LIMIT,1702060915863,508,8.8723671
TIAUSDT,BUY,LIMIT,1702061187648,49,9.1907021
TIAUSDT,BUY,LIMIT,1702061865251,551,9.2453406
TIAUSDT,BUY,LIMIT,1702061885170,30,9.2665325
TIAUSDT,BUY,LIMIT,1702061920445,1,9.2846880
TIAUSDT,BUY,LIMIT,1702062059293,9,9.2968840
TIAUSDT,BUY,LIMIT,1702062063358,1,9.3005898
TIAUSDT,BUY,LIMIT,1702062068822,5,9.3040342
TIAUSDT,BUY,LIMIT,1702062072404,4,9.3046440
TIAUSDT,BUY,LIMIT,1702062103733,11,9.3147312
TIAUSDT,BUY,LIMIT,1702062105087,83,9.3222240
TIAUSDT,BUY,LIMIT,1702062264575,327,9.3326170
TIAUSDT,BUY,LIMIT,1702062299493,431,9.3400248
TIAUSDT,BUY,LIMIT,1702062300508,4,9.3437161
TIAUSDT,BUY,LIMIT,1702062340218,12,9.3644762
TIAUSDT,BUY,LIMIT,1702062344451,38,9.3732044
TIAUSDT,BUY,LIMIT,1702062351975,407,9.3749029
TIAUSDT,BUY,LIMIT,1702062754368,17,9.3889319
TIAUSDT,BUY,LIMIT,1702062757326,1,9.3957100
TIAUSDT,BUY,LIMIT,1702062811337,3,9.4220846
TIAUSDT,BUY,LIMIT,1702062820273,111,9.4233123
TIAUSDT,SELL,LIMIT,1702063061398,35,9.0980537
TIAUSDT,SELL,LIMIT,1702063471085,34,9.0476174
TIAUSDT,SELL,LIMIT,1702063490189,257,9.0305986
TIAUSDT,SELL,LIMIT,1702063608417,54,9.0265628
TIAUSDT,SELL,LIMIT,1702063682912,16,9.0200126
TIAUSDT,SELL,LIMIT,1702063728734,4,9.0014538
TIAUSDT,SELL,LIMIT,1702063742225,377,8.9834262
TIAUSDT,SELL,LIMIT,1702063743406,30,8.9830844
TIAUSDT,BUY,LIMIT,1702064020860,92,9.3417217
TIAUSDT,SELL,LIMIT,1702065462518,288,9.1256598
TIAUSDT,SELL,LIMIT,1702065524118,118,9.1176121
TIAUSDT,SELL,LIMIT,1702065553995,8,9.1062047
TIAUSDT,BUY,LIMIT,1702065916755,110,9.3984733
TIAUSDT,BUY,LIMIT,1702065947523,5,9.4132512
TIAUSDT,BUY,LIMIT,1702066033771,2,9.4410397
TIAUSDT,BUY,LIMIT,1702066058068,16,9.5303000
TIAUSDT,BUY,LIMIT,1702066120176,8,9.5383251
TIAUSDT,SELL,LIMIT,1702066325482,6,9.2030671
TIAUSDT,SELL,LIMIT,1702066768336,30,9.1804216
TIAUSDT,SELL,LIMIT,1702066887344,12,9.1572605
TIAUSDT,BUY,LIMIT,1702068277160,20,9.4929623
TIAUSDT,BUY,LIMIT,1702068282741,3,9.5032010
TIAUSDT,BUY,LIMIT,1702068284031,75,9.5218161
TIAUSDT,BUY,LIMIT,1702068840931,104,9.4900068
TIAUSDT,SELL,LIMIT,1702069536522,121,9.1742901
TIAUSDT,SELL,LIMIT,1702069563365,54,9.1562050
TIAUSDT,SELL,LIMIT,1702069564438,9,9.1200276
TIAUSDT,BUY,LIMIT,1702070153025,31,9.4009562
TIAUSDT,SELL,LIMIT,1702070415728,60,9.1272700
TIAUSDT,SELL,LIMIT,1702070505290,1,9.0871831
TIAUSDT,BUY,LIMIT,1702070629978,16,9.3569620
TIAUSDT,BUY,LIMIT,1702070813364,3,9.4237397
TIAUSDT,BUY,LIMIT,1702070826345,11,9.4329514
TIAUSDT,BUY,LIMIT,1702070870639,8,9.4512599
TIAUSDT,BUY,LIMIT,1702071982215,9,9.4544352
TIAUSDT,BUY,LIMIT,1702072338281,45,9.4680980
TIAUSDT,BUY,LIMIT,1702072947292,47,9.4986976
TIAUSDT,BUY,LIMIT,1702073181569,21,9.5368645
TIAUSDT,BUY,LIMIT,1702073206036,35,9.5428758
TIAUSDT,BUY,LIMIT,1702073284273,10,9.5720320
TIAUSDT,BUY,LIMIT,1702073346575,83,9.5823372
TIAUSDT,BUY,LIMIT,1702073356103,13,9.5862426
TIAUSDT,BUY,LIMIT,1702073472052,237,9.5995387
TIAUSDT,BUY,LIMIT,1702073505424,16,9.6217920
TIAUSDT,BUY,LIMIT,1702073515708,47,9.6259374
TIAUSDT,BUY,LIMIT,1702073518361,2000,9.6977298
TIAUSDT,BUY,LIMIT,1702073579680,29,9.6344477
TIAUSDT,SELL,LIMIT,1702074142050,252,9.2630195
TIAUSDT,SELL,LIMIT,1702074193892,1,9.2468761
TIAUSDT,SELL,LIMIT,1702074212311,10,9.2404496
TIAUSDT,SELL,LIMIT,1702075320455,13,9.1776801
TIAUSDT,SELL,LIMIT,1702075521247,175,9.2064940
TIAUSDT,SELL,LIMIT,1702076262662,528,9.1295334
TIAUSDT,SELL,LIMIT,1702076336829,25,9.1089376
TIAUSDT,BUY,LIMIT,1702076456130,90,9.4252649
TIAUSDT,BUY,LIMIT,1702076458203,12,9.4276774
TIAUSDT,BUY,LIMIT,1702076549841,30,9.4816107
TIAUSDT,BUY,LIMIT,1702078499311,54,9.4595058
TIAUSDT,SELL,LIMIT,1702078824699,136,9.1648701
TIAUSDT,BUY,LIMIT,1702079372166,9,9.4688100
TIAUSDT,BUY,LIMIT,1702080015570,20,9.4421124
TIAUSDT,BUY,LIMIT,1702080100029,387,9.4803435
TIAUSDT,BUY,LIMIT,1702080355074,3,9.5214235
TIAUSDT,BUY,LIMIT,1702080501334,111,9.5757211
TIAUSDT,BUY,LIMIT,1702080688078,39,9.5958752
TIAUSDT,BUY,LIMIT,1702080705337,18,9.6026407
TIAUSDT,BUY,LIMIT,1702080707121,67,9.6052747
TIAUSDT,BUY,LIMIT,1702080988154,16,9.5794191
TIAUSDT,SELL,LIMIT,1702081360585,27,9.2667374
TIAUSDT,SELL,LIMIT,1702081380580,63,9.2415016
TIAUSDT,SELL,LIMIT,1702081387253,43,9.2345821
TIAUSDT,BUY,LIMIT,1702081406154,21,9.6006118
TIAUSDT,BUY,LIMIT,1702081580208,12,9.6149413
TIAUSDT,BUY,LIMIT,1702081584491,14,9.6244644
TIAUSDT,BUY,LIMIT,1702081618307,11,9.6307069
TIAUSDT,BUY,LIMIT,1702081734869,164,9.6333826
TIAUSDT,BUY,LIMIT,1702081780695,2,9.6492892
TIAUSDT,BUY,LIMIT,1702082695629,366,9.5887160
TIAUSDT,BUY,LIMIT,1702082739161,26,9.6259440
TIAUSDT,BUY,LIMIT,1702082987654,95,9.5715417
TIAUSDT,BUY,LIMIT,1702083536697,9,9.6812111
TIAUSDT,BUY,LIMIT,1702083579141,13,9.6975123
TIAUSDT,BUY,LIMIT,1702083581608,2,9.6983775
TIAUSDT,BUY,LIMIT,1702083831615,10,9.6589430
TIAUSDT,SELL,LIMIT,1702083894335,188,9.3516145
TIAUSDT,SELL,LIMIT,1702083897768,239,9.3476774
TIAUSDT,SELL,LIMIT,1702083920846,2,9.3229208
TIAUSDT,SELL,LIMIT,1702084030757,84,9.2429405
TIAUSDT,SELL,LIMIT,1702084200597,2,9.2178681
TIAUSDT,BUY,LIMIT,1702084453102,133,9.5068313
TIAUSDT,SELL,LIMIT,1702085448255,3,9.2200692
TIAUSDT,BUY,LIMIT,1702085726140,133,9.5543867
TIAUSDT,BUY,LIMIT,1702086507152,8,9.6088068
TIAUSDT,BUY,LIMIT,1702086512952,3,9.6228930
TIAUSDT,BUY,LIMIT,1702086534191,8,9.6502232
TIAUSDT,BUY,LIMIT,1702086569498,400,9.6706446
TIAUSDT,BUY,LIMIT,1702086664348,17,9.7053352
TIAUSDT,BUY,LIMIT,1702086669642,322,9.7120933
TIAUSDT,BUY,LIMIT,1702086674103,2,9.7144354
TIAUSDT,BUY,LIMIT,1702086727485,233,9.7285019
TIAUSDT,BUY,LIMIT,1702086772371,11,9.7403653
TIAUSDT,BUY,LIMIT,1702086776130,23,9.7597223
TIAUSDT,BUY,LIMIT,1702086779590,4,9.7610573
TIAUSDT,BUY,LIMIT,1702086781945,343,9.7667382
TIAUSDT,BUY,LIMIT,1702086788571,2,9.7692198
TIAUSDT,BUY,LIMIT,1702086799063,4,9.7731307
TIAUSDT,SELL,LIMIT,1702086858312,519,9.4388487
TIAUSDT,BUY,LIMIT,1702086946307,168,9.7536392
TIAUSDT,BUY,LIMIT,1702087060931,47,9.7816434
TIAUSDT,BUY,LIMIT,1702087063414,15,9.7892375
TIAUSDT,SELL,LIMIT,1702087373657,6,9.3726176
TIAUSDT,SELL,LIMIT,1702087821626,1,9.3034080
TIAUSDT,SELL,LIMIT,1702087829084,28,9.2957177
TIAUSDT,SELL,LIMIT,1702087859186,277,9.2933277
TIAUSDT,SELL,LIMIT,1702088748592,52,9.2606524
TIAUSDT,SELL,LIMIT,1702088906720,16,9.2474676
TIAUSDT,SELL,LIMIT,1702088939547,211,9.2378797
TIAUSDT,SELL,LIMIT,1702088943333,63,9.2334841
TIAUSDT,SELL,LIMIT,1702088955718,8,9.2263478
TIAUSDT,SELL,LIMIT,1702088972208,66,9.2140489
TIAUSDT,SELL,LIMIT,1702089079347,5,9.2043831
TIAUSDT,SELL,LIMIT,1702089383887,1,9.1867552
TIAUSDT,SELL,LIMIT,1702089409499,534,9.1657574
TIAUSDT,SELL,LIMIT,1702089410918,10,9.1575892
TIAUSDT,SELL,LIMIT,1702090242263,99,9.1546673
TIAUSDT,BUY,LIMIT,1702090851174,12,9.4940939
TIAUSDT,BUY,LIMIT,1702090947707,2,9.5026052
TIAUSDT,BUY,LIMIT,1702090987169,11,9.5187467
TIAUSDT,BUY,LIMIT,1702091016128,279,9.5257910
TIAUSDT,SELL,LIMIT,1702091213425,18,9.3445340
TIAUSDT,BUY,LIMIT,1702092222501,23,9.6021097
TIAUSDT,BUY,LIMIT,1702092230539,400,9.6123334
TIAUSDT,SELL,LIMIT,1702093222744,18,9.2631413
TIAUSDT,SELL,LIMIT,1702093382284,11,9.2420024
TIAUSDT,BUY,LIMIT,1702094624169,6,9.5474010
TIAUSDT,SELL,LIMIT,1702094932337,178,9.2185550
TIAUSDT,SELL,LIMIT,1702094999328,77,9.2013052
TIAUSDT,SELL,LIMIT,1702095027086,9,9.1968466
TIAUSDT,SELL,LIMIT,1702095035938,64,9.1901077
TIAUSDT,BUY,LIMIT,1702097244084,8,9.5648944
TIAUSDT,BUY,LIMIT,1702097297087,228,9.5990298
TIAUSDT,BUY,LIMIT,1702097378384,6,9.6139785
TIAUSDT,BUY,LIMIT,1702097543806,39,9.6364100
TIAUSDT,BUY,LIMIT,1702097684199,534,9.6615281
TIAUSDT,BUY,LIMIT,1702098472649,5,9.6429407
TIAUSDT,BUY,LIMIT,1702098507520,1,9.6733780
TIAUSDT,BUY,LIMIT,1702098516007,6,9.6821106
TIAUSDT,BUY,LIMIT,1702098564152,1,9.6909650
TIAUSDT,BUY,LIMIT,1702098569340,30,9.7001982
TIAUSDT,BUY,LIMIT,1702098990624,1,9.7124565
TIAUSDT,SELL,LIMIT,1702099283591,66,9.4057720
TIAUSDT,BUY,LIMIT,1702099684456,4,9.7067488
TIAUSDT,SELL,LIMIT,1702099911134,176,9.3648254
TIAUSDT,SELL,LIMIT,1702099933583,76,9.3442476
TIAUSDT,SELL,LIMIT,1702100377403,1,9.3189107
TIAUSDT,SELL,LIMIT,1702100389819,41,9.3148295
TIAUSDT,SELL,LIMIT,1702101324598,526,9.3110865
TIAUSDT,SELL,LIMIT,1702101337260,6,9.2869715
TIAUSDT,SELL,LIMIT,1702101417776,98,9.2811985
TIAUSDT,BUY,LIMIT,1702102577272,18,9.5795391
TIAUSDT,BUY,LIMIT,1702102938270,61,9.6242353
TIAUSDT,SELL,LIMIT,1702103513212,4,9.3207596
TIAUSDT,BUY,LIMIT,1702103600472,5,9.5911410
TIAUSDT,BUY,LIMIT,1702103842839,529,9.6355802
TIAUSDT,BUY,LIMIT,1702103865574,112,9.6361830
TIAUSDT,BUY,LIMIT,1702104987488,3,9.6292237
TIAUSDT,BUY,LIMIT,1702105087392,4,9.7040487
TIAUSDT,BUY,LIMIT,1702106346061,48,9.7679487
TIAUSDT,BUY,LIMIT,1702106348467,3,9.7703676
TIAUSDT,BUY,LIMIT,1702106473541,6,9.7873849
TIAUSDT,BUY,LIMIT,1702106475567,8,9.7902271
TIAUSDT,BUY,LIMIT,1702106476959,542,9.7964665
TIAUSDT,BUY,LIMIT,1702106489714,22,9.8033441
TIAUSDT,BUY,LIMIT,1702106620698,127,9.8267940
TIAUSDT,BUY,LIMIT,1702106622194,84,9.8321439
TIAUSDT,BUY,LIMIT,1702106624280,19,9.8366313
TIAUSDT,BUY,LIMIT,1702106643370,5,9.8382317
TIAUSDT,BUY,LIMIT,1702106645008,63,9.8396242
TIAUSDT,BUY,LIMIT,1702106682258,1,9.8768980
TIAUSDT,BUY,LIMIT,1702106687969,4,9.8828252
TIAUSDT,BUY,LIMIT,1702106691517,190,9.8881663
TIAUSDT,BUY,LIMIT,1702106695189,14,9.8937461
TIAUSDT,BUY,LIMIT,1702106707349,17,9.9093231
TIAUSDT,BUY,LIMIT,1702106716217,256,9.9117012
TIAUSDT,BUY,LIMIT,1702106739071,49,9.9223159
TIAUSDT,BUY,LIMIT,1702106748047,21,9.9292827
TIAUSDT,BUY,LIMIT,1702106751114,30,9.9343392
TIAUSDT,BUY,LIMIT,1702106753521,83,9.9341465
TIAUSDT,BUY,LIMIT,1702106806314,50,9.9467216
TIAUSDT,BUY,LIMIT,1702106807316,7,9.9471156
TIAUSDT,BUY,LIMIT,1702106811868,12,9.9509359
TIAUSDT,BUY,LIMIT,1702106827841,5,9.9485224
TIAUSDT,SELL,LIMIT,1702106888840,359,9.5973069
TIAUSDT,SELL,LIMIT,1702106914548,20,9.5689095
TIAUSDT,BUY,LIMIT,1702107227748,1,9.8776750
TIAUSDT,BUY,LIMIT,1702107513942,31,9.8928857
TIAUSDT,SELL,LIMIT,1702107780815,24,9.5476998
TIAUSDT,BUY,LIMIT,1702107855197,5,9.9052581
TIAUSDT,SELL,LIMIT,1702107982739,75,9.6037322
TIAUSDT,BUY,LIMIT,1702108318321,2,9.9629342
TIAUSDT,BUY,LIMIT,1702108440236,8,9.9787430
TIAUSDT,BUY,LIMIT,1702108462472,2,9.9896151
TIAUSDT,BUY,LIMIT,1702108465193,2,9.9985864
TIAUSDT,BUY,LIMIT,1702108487492,2,10.0026456
TIAUSDT,BUY,LIMIT,1702108490225,77,10.0078260
TIAUSDT,BUY,LIMIT,1702108662637,24,10.0218704
TIAUSDT,BUY,LIMIT,1702108671381,43,10.0288104
TIAUSDT,BUY,LIMIT,1702108764728,5,9.9903602
TIAUSDT,BUY,LIMIT,1702108882658,32,10.0483688
TIAUSDT,BUY,LIMIT,1702108895129,28,10.0564650
TIAUSDT,BUY,LIMIT,1702108897261,6,10.0604327
TIAUSDT,BUY,LIMIT,1702108903144,510,10.0642434
TIAUSDT,BUY,LIMIT,1702108995108,130,10.0734370
TIAUSDT,BUY,LIMIT,1702109026245,50,10.0958534
TIAUSDT,BUY,LIMIT,1702109301580,11,10.1039051
TIAUSDT,BUY,LIMIT,1702109314250,15,10.1167689
TIAUSDT,BUY,LIMIT,1702109319235,260,10.1190848
TIAUSDT,BUY,LIMIT,1702109320314,32,10.1187452
TIAUSDT,BUY,LIMIT,1702109342235,6,10.1297470
TIAUSDT,BUY,LIMIT,1702109348480,26,10.1352695
TIAUSDT,BUY,LIMIT,1702109355117,59,10.1404673
TIAUSDT,BUY,LIMIT,1702109371915,4,10.1438707
TIAUSDT,SELL,LIMIT,1702109421060,29,9.8620657
TIAUSDT,BUY,LIMIT,1702109458732,521,10.1537584
TIAUSDT,BUY,LIMIT,1702109513077,1,10.0938701
TIAUSDT,SELL,LIMIT,1702109531174,2,9.7926840
TIAUSDT,SELL,LIMIT,1702109539896,49,9.7903025
TIAUSDT,SELL,LIMIT,1702109553317,9,9.7858984
TIAUSDT,BUY,LIMIT,1702109604271,15,10.1686614
TIAUSDT,BUY,LIMIT,1702109605560,12,10.1763505
TIAUSDT,BUY,LIMIT,1702109611097,395,10.1806348
TIAUSDT,BUY,LIMIT,1702109612146,3,10.1824176
TIAUSDT,BUY,LIMIT,1702109613250,166,10.2055653
TIAUSDT,BUY,LIMIT,1702109627712,16,10.2129734
TIAUSDT,BUY,LIMIT,1702109632538,10,10.2172490
TIAUSDT,BUY,LIMIT,1702109634202,260,10.2263212
TIAUSDT,BUY,LIMIT,1702109635433,194,10.2261158
TIAUSDT,BUY,LIMIT,1702109639722,6,10.2351517
TIAUSDT,BUY,LIMIT,1702109691133,20,10.2420481
TIAUSDT,BUY,LIMIT,1702109692291,66,10.2430561
TIAUSDT,BUY,LIMIT,1702109695730,196,10.2602577
TIAUSDT,BUY,LIMIT,1702109707925,80,10.2406513
TIAUSDT,BUY,LIMIT,1702109714372,448,10.2705865
TIAUSDT,BUY,LIMIT,1702109719040,26,10.2788651
TIAUSDT,BUY,LIMIT,1702109721508,44,10.2876249
TIAUSDT,BUY,LIMIT,1702109723583,2,10.2923371
TIAUSDT,BUY,LIMIT,1702109741906,6,10.3055775
TIAUSDT,BUY,LIMIT,1702109743209,77,10.3075405
TIAUSDT,BUY,LIMIT,1702109744646,67,10.3096672
TIAUSDT,BUY,LIMIT,1702109747578,299,10.3162504
TIAUSDT,BUY,LIMIT,1702109751220,13,10.3168015
TIAUSDT,BUY,LIMIT,1702109766332,218,10.3217633
TIAUSDT,BUY,LIMIT,1702109768133,113,10.3243671
TIAUSDT,BUY,LIMIT,1702109771960,370,10.3246536
TIAUSDT,BUY,LIMIT,1702109774760,731,10.3603244
TIAUSDT,BUY,LIMIT,1702109778688,12,10.3319918
TIAUSDT,BUY,LIMIT,1702109780750,1,10.3415970
TIAUSDT,BUY,LIMIT,1702109788113,46,10.3305353
TIAUSDT,BUY,LIMIT,1702109789457,21,10.3451317
TIAUSDT,BUY,LIMIT,1702109792129,28,10.3539786
TIAUSDT,SELL,LIMIT,1702109810799,23,9.9862412
TIAUSDT,SELL,LIMIT,1702109813462,72,9.9787611
TIAUSDT,SELL,LIMIT,1702109814976,3,9.9710348
TIAUSDT,SELL,LIMIT,1702109818427,28,9.9627780
TIAUSDT,SELL,LIMIT,1702109828494,12,9.9155456
TIAUSDT,SELL,LIMIT,1702109830201,25,9.9090851
TIAUSDT,SELL,LIMIT,1702109866454,12,9.8920126
TIAUSDT,SELL,LIMIT,1702109869037,9,9.8777312
TIAUSDT,SELL,LIMIT,1702109960064,496,9.8436260
TIAUSDT,SELL,LIMIT,1702109961867,28,9.8253490
TIAUSDT,BUY,LIMIT,1702110008312,10,10.1428542
TIAUSDT,SELL,LIMIT,1702110067170,140,9.8324610
TIAUSDT,SELL,LIMIT,1702110138079,62,9.8008957
TIAUSDT,SELL,LIMIT,1702110144641,31,9.7859820
TIAUSDT,SELL,LIMIT,1702110150247,20,9.7769070
TIAUSDT,BUY,LIMIT,1702110289108,220,10.1041220
TIAUSDT,SELL,LIMIT,1702110307805,8,9.8062087
TIAUSDT,SELL,LIMIT,1702110442742,266,9.7460880
TIAUSDT,SELL,LIMIT,1702110444020,235,9.7379758
TIAUSDT,SELL,LIMIT,1702110506214,10,9.7365629
TIAUSDT,SELL,LIMIT,1702110507310,305,9.7375158
TIAUSDT,SELL,LIMIT,1702110510082,18,9.7235841
TIAUSDT,SELL,LIMIT,1702110513543,7,9.7209664
TIAUSDT,SELL,LIMIT,1702110517413,26,9.7131810
TIAUSDT,SELL,LIMIT,1702110664547,119,9.6981517
TIAUSDT,SELL,LIMIT,1702110668189,100,9.6861180
TIAUSDT,SELL,LIMIT,1702110669493,294,9.6920318
TIAUSDT,SELL,LIMIT,1702110672177,143,9.6883110
TIAUSDT,SELL,LIMIT,1702110675293,30,9.6806524
TIAUSDT,SELL,LIMIT,1702110676561,9,9.6741891
TIAUSDT,SELL,LIMIT,1702110860115,160,9.7119570
TIAUSDT,SELL,LIMIT,1702110863609,25,9.6533198
TIAUSDT,SELL,LIMIT,1702110864874,359,9.6465389
TIAUSDT,SELL,LIMIT,1702110871450,499,9.6416785
TIAUSDT,SELL,LIMIT,1702110873664,57,9.6258866
TIAUSDT,SELL,LIMIT,1702110875887,7,9.6150317
TIAUSDT,SELL,LIMIT,1702110877728,495,9.6026738
TIAUSDT,SELL,LIMIT,1702110907209,82,9.5992196
TIAUSDT,SELL,LIMIT,1702110909419,48,9.5959684
TIAUSDT,SELL,LIMIT,1702110912276,86,9.5895723
TIAUSDT,SELL,LIMIT,1702110953415,2,9.5863903
TIAUSDT,SELL,LIMIT,1702110954529,40,9.5739187
TIAUSDT,SELL,LIMIT,1702110955661,13,9.5713046
TIAUSDT,SELL,LIMIT,1702110957085,50,9.5546157
TIAUSDT,SELL,LIMIT,1702110958557,44,9.5569601
TIAUSDT,SELL,LIMIT,1702110970061,1,9.5701621
TIAUSDT,SELL,LIMIT,1702110971741,74,9.6182713
TIAUSDT,BUY,LIMIT,1702110973082,8,9.7365845
TIAUSDT,SELL,LIMIT,1702110975728,1,9.5479774
TIAUSDT,SELL,LIMIT,1702110977790,19,9.5303676
TIAUSDT,SELL,LIMIT,1702110979092,3,9.5297758
TIAUSDT,SELL,LIMIT,1702110980837,114,9.5227478
TIAUSDT,SELL,LIMIT,1702111027307,3,9.5192285
TIAUSDT,SELL,LIMIT,1702111028672,8,9.5068261
TIAUSDT,SELL,LIMIT,1702111031041,11,9.5017684
TIAUSDT,SELL,LIMIT,1702111032320,32,9.4994833
TIAUSDT,SELL,LIMIT,1702111033874,53,9.4912864
TIAUSDT,SELL,LIMIT,1702111035185,103,9.4775980
TIAUSDT,SELL,LIMIT,1702111036299,43,9.4651387
TIAUSDT,SELL,LIMIT,1702111037456,127,9.4566633
TIAUSDT,SELL,LIMIT,1702111040103,125,9.4511547
TIAUSDT,SELL,LIMIT,1702111042546,40,9.4557148
TIAUSDT,SELL,LIMIT,1702111044111,1,9.4541661
TIAUSDT,SELL,LIMIT,1702111045343,138,9.4406140
TIAUSDT,SELL,LIMIT,1702111046420,3,9.4378650
TIAUSDT,BUY,LIMIT,1702111095309,6,9.7761894
TIAUSDT,BUY,LIMIT,1702111101250,29,9.7916858
TIAUSDT,BUY,LIMIT,1702111106177,54,9.8003957
TIAUSDT,BUY,LIMIT,1702111115588,16,9.8130124
TIAUSDT,SELL,LIMIT,1702111374491,3,9.5079194
TIAUSDT,SELL,LIMIT,1702111375997,515,9.4977634
TIAUSDT,SELL,LIMIT,1702111377310,439,9.4752995
TIAUSDT,SELL,LIMIT,1702111378341,48,9.4797575
TIAUSDT,SELL,LIMIT,1702111379561,51,9.4700150
TIAUSDT,SELL,LIMIT,1702111380669,3,9.4407481
TIAUSDT,SELL,LIMIT,1702111383987,10,9.4309013
TIAUSDT,SELL,LIMIT,1702111386281,26,9.4358002
TIAUSDT,SELL,LIMIT,1702111388902,2,9.4513346
TIAUSDT,SELL,LIMIT,1702111389957,11,9.4196129
TIAUSDT,BUY,LIMIT,1702111400627,191,9.7775097
TIAUSDT,BUY,LIMIT,1702111519136,175,9.8854720
TIAUSDT,BUY,LIMIT,1702111568806,21,9.9514885
TIAUSDT,BUY,LIMIT,1702111588091,78,9.9654351
TIAUSDT,BUY,LIMIT,1702111592212,377,9.9680331
TIAUSDT,BUY,LIMIT,1702111594760,7,9.9723956
TIAUSDT,BUY,LIMIT,1702111632467,51,9.9939165
TIAUSDT,BUY,LIMIT,1702111662794,103,10.0227969
TIAUSDT,BUY,LIMIT,1702111677721,5,10.0707447
TIAUSDT,BUY,LIMIT,1702111685405,506,10.0859688
TIAUSDT,BUY,LIMIT,1702111691356,2,10.0932539
TIAUSDT,BUY,LIMIT,1702111699175,40,10.1120071
TIAUSDT,BUY,LIMIT,1702111700285,286,10.1179195
TIAUSDT,BUY,LIMIT,1702111766494,61,10.1725335
TIAUSDT,BUY,LIMIT,1702111767821,206,10.1812753
TIAUSDT,BUY,LIMIT,1702111779690,30,10.2197881
TIAUSDT,BUY,LIMIT,1702111795391,4,10.2389803
TIAUSDT,BUY,LIMIT,1702111809420,273,10.2727909
TIAUSDT,BUY,LIMIT,1702111815353,600,10.3124975
TIAUSDT,BUY,LIMIT,1702111819525,5,10.3278973
TIAUSDT,BUY,LIMIT,1702111820607,12,10.3327688
TIAUSDT,SELL,LIMIT,1702111841671,8,9.9848542
TIAUSDT,SELL,LIMIT,1702111892708,7,9.9066925
TIAUSDT,BUY,LIMIT,1702111930139,148,10.2329791
TIAUSDT,BUY,LIMIT,1702111982538,2,10.2976636
TIAUSDT,SELL,LIMIT,1702112062443,6,9.9055994
TIAUSDT,SELL,LIMIT,1702112063469,29,9.9141243
TIAUSDT,SELL,LIMIT,1702112071348,40,9.8982801
TIAUSDT,SELL,LIMIT,1702112073452,330,9.8737807
TIAUSDT,SELL,LIMIT,1702112289074,166,9.8766268
TIAUSDT,SELL,LIMIT,1702112319554,42,9.8373546
TIAUSDT,SELL,LIMIT,1702112322179,260,9.8365897
TIAUSDT,BUY,LIMIT,1702112372704,25,10.1729443
TIAUSDT,BUY,LIMIT,1702112443388,189,10.2288782
TIAUSDT,BUY,LIMIT,1702112670627,4,10.2263938
TIAUSDT,SELL,LIMIT,1702112729069,7,9.8439733
TIAUSDT,SELL,LIMIT,1702112737320,113,9.8292496
TIAUSDT,SELL,LIMIT,1702112738405,59,9.8118021
TIAUSDT,SELL,LIMIT,1702112741084,72,9.8114561
TIAUSDT,SELL,LIMIT,1702112752228,6,9.8039909
TIAUSDT,SELL,LIMIT,1702112762967,421,9.8020001
TIAUSDT,SELL,LIMIT,1702112778110,5,9.7903263
TIAUSDT,SELL,LIMIT,1702112877825,36,9.7746307
TIAUSDT,SELL,LIMIT,1702112884892,22,9.7647617
TIAUSDT,SELL,LIMIT,1702112886129,52,9.7600691
TIAUSDT,SELL,LIMIT,1702112888211,2,9.7317350
TIAUSDT,BUY,LIMIT,1702113005183,10,10.0911129
TIAUSDT,BUY,LIMIT,1702113152955,7,10.1763397
TIAUSDT,SELL,LIMIT,1702113305529,22,9.8268453
TIAUSDT,SELL,LIMIT,1702113310982,51,9.8094564
TIAUSDT,BUY,LIMIT,1702113376259,29,10.1650266
TIAUSDT,SELL,LIMIT,1702113543268,29,9.8210486
TIAUSDT,SELL,LIMIT,1702113740692,22,9.7898042
TIAUSDT,SELL,LIMIT,1702113785376,8,9.7727713
TIAUSDT,SELL,LIMIT,1702113910706,5,9.7433356
TIAUSDT,SELL,LIMIT,1702113916547,80,9.7286953
TIAUSDT,SELL,LIMIT,1702113964791,32,9.7138318
TIAUSDT,SELL,LIMIT,1702113968261,11,9.7170101
TIAUSDT,SELL,LIMIT,1702114111129,13,9.6977915
TIAUSDT,SELL,LIMIT,1702114114272,34,9.6922089
TIAUSDT,SELL,LIMIT,1702114376788,5,9.6770528
TIAUSDT,SELL,LIMIT,1702114378695,17,9.6799595
TIAUSDT,SELL,LIMIT,1702114422163,13,9.6559206
TIAUSDT,SELL,LIMIT,1702114428710,51,9.6451681
TIAUSDT,SELL,LIMIT,1702114496065,78,9.6387176
TIAUSDT,SELL,LIMIT,1702114914739,51,9.6375941
TIAUSDT,SELL,LIMIT,1702114970588,20,9.6514241
TIAUSDT,SELL,LIMIT,1702114983738,506,9.6386191
TIAUSDT,SELL,LIMIT,1702115096352,407,9.6463792
TIAUSDT,SELL,LIMIT,1702115102097,8,9.6333986
TIAUSDT,SELL,LIMIT,1702115272672,28,9.6215131
TIAUSDT,SELL,LIMIT,1702115279354,307,9.6135825
TIAUSDT,SELL,LIMIT,1702115330324,648,9.5900239
TIAUSDT,SELL,LIMIT,1702115335171,26,9.6081686
TIAUSDT,SELL,LIMIT,1702115336223,2,9.6077672
TIAUSDT,SELL,LIMIT,1702115346393,90,9.6017650
TIAUSDT,SELL,LIMIT,1702115360097,50,9.5906900
TIAUSDT,SELL,LIMIT,1702115365116,47,9.5878771
TIAUSDT,SELL,LIMIT,1702115421433,15,9.5844223
TIAUSDT,SELL,LIMIT,1702115422993,36,9.5816224
TIAUSDT,SELL,LIMIT,1702115425290,4,9.5761027
TIAUSDT,SELL,LIMIT,1702115426362,2,9.5740567
TIAUSDT,SELL,LIMIT,1702115428862,183,9.5549299
TIAUSDT,SELL,LIMIT,1702115430854,493,9.5553842
TIAUSDT,SELL,LIMIT,1702115537346,11,9.5467271
TIAUSDT,SELL,LIMIT,1702115544733,102,9.5426155
TIAUSDT,SELL,LIMIT,1702115564481,2,9.5411355
TIAUSDT,SELL,LIMIT,1702115565953,1,9.5251875
TIAUSDT,SELL,LIMIT,1702115575085,6,9.5155346
TIAUSDT,SELL,LIMIT,1702115593550,37,9.5112423
TIAUSDT,SELL,LIMIT,1702115600965,17,9.4991403
TIAUSDT,SELL,LIMIT,1702115608404,13,9.4962219
TIAUSDT,SELL,LIMIT,1702115613459,191,9.4927547
TIAUSDT,SELL,LIMIT,1702115614527,221,9.4912527
TIAUSDT,SELL,LIMIT,1702115615599,18,9.4912652
TIAUSDT,SELL,LIMIT,1702115631566,14,9.4821693
TIAUSDT,SELL,LIMIT,1702115632704,2,9.4782621
TIAUSDT,SELL,LIMIT,1702115638297,35,9.4723837
TIAUSDT,SELL,LIMIT,1702115640392,50,9.4797946
TIAUSDT,SELL,LIMIT,1702115875111,99,9.4702030
TIAUSDT,BUY,LIMIT,1702116047097,7,9.8217610
TIAUSDT,BUY,LIMIT,1702116499620,24,9.8905518
TIAUSDT,BUY,LIMIT,1702117004770,19,9.8996290
TIAUSDT,BUY,LIMIT,1702117105972,164,9.9149971
TIAUSDT,SELL,LIMIT,1702117805247,4,9.5676669
TIAUSDT,SELL,LIMIT,1702117808320,512,9.5539235
TIAUSDT,BUY,LIMIT,1702118551597,4,9.9962477
TIAUSDT,SELL,LIMIT,1702118912980,26,9.6110035
TIAUSDT,SELL,LIMIT,1702118919543,320,9.5987658
TIAUSDT,BUY,LIMIT,1702119147025,84,9.8835032
TIAUSDT,SELL,LIMIT,1702119163357,163,9.5856371
TIAUSDT,SELL,LIMIT,1702119453762,11,9.5678822
TIAUSDT,SELL,LIMIT,1702119514012,102,9.5548626
TIAUSDT,SELL,LIMIT,1702120550867,255,9.5878875
TIAUSDT,SELL,LIMIT,1702120861117,257,9.5412669
TIAUSDT,SELL,LIMIT,1702120870378,255,9.5357241
TIAUSDT,SELL,LIMIT,1702120871720,96,9.5226448
TIAUSDT,SELL,LIMIT,1702120873277,33,9.5158422
TIAUSDT,SELL,LIMIT,1702120874472,241,9.5125566
TIAUSDT,SELL,LIMIT,1702120958753,13,9.5126490
TIAUSDT,SELL,LIMIT,1702120966009,1,9.4967968
TIAUSDT,BUY,LIMIT,1702121560237,156,9.8834791
TIAUSDT,SELL,LIMIT,1702121856303,157,9.5390874
TIAUSDT,SELL,LIMIT,1702122820176,6,9.4702336
TIAUSDT,SELL,LIMIT,1702123291064,5,9.4630292
TIAUSDT,SELL,LIMIT,1702123302426,85,9.4588384
TIAUSDT,SELL,LIMIT,1702123304376,21,9.4586280
TIAUSDT,SELL,LIMIT,1702123308517,5,9.4571392
TIAUSDT,SELL,LIMIT,1702123424743,3,9.4550805
TIAUSDT,SELL,LIMIT,1702123426132,249,9.4487001
TIAUSDT,SELL,LIMIT,1702123483693,45,9.4424225
TIAUSDT,SELL,LIMIT,1702124284585,100,9.4889177
TIAUSDT,SELL,LIMIT,1702124286178,78,9.4838172
TIAUSDT,SELL,LIMIT,1702124312197,44,9.4702374
TIAUSDT,SELL,LIMIT,1702124357999,9,9.4523324
TIAUSDT,SELL,LIMIT,1702124379774,154,9.4387496
TIAUSDT,SELL,LIMIT,1702124382436,36,9.4324892
TIAUSDT,SELL,LIMIT,1702124384579,232,9.4261289
TIAUSDT,SELL,LIMIT,1702124398948,87,9.4248892
TIAUSDT,SELL,LIMIT,1702124402436,200,9.4218125
TIAUSDT,SELL,LIMIT,1702124559557,8,9.4207452
TIAUSDT,SELL,LIMIT,1702124566968,20,9.4189577
TIAUSDT,SELL,LIMIT,1702124568189,252,9.4075949
TIAUSDT,SELL,LIMIT,1702124569646,57,9.3957179
TIAUSDT,SELL,LIMIT,1702124754401,74,9.3896968
TIAUSDT,SELL,LIMIT,1702124763343,514,9.3870366
TIAUSDT,SELL,LIMIT,1702125027719,522,9.3816236
TIAUSDT,SELL,LIMIT,1702125029062,10,9.3768634
TIAUSDT,BUY,LIMIT,1702125473112,10,9.6881273
TIAUSDT,SELL,LIMIT,1702125714732,4,9.3727963
TIAUSDT,SELL,LIMIT,1702125716339,126,9.3688322
TIAUSDT,SELL,LIMIT,1702125722355,24,9.3637768
TIAUSDT,SELL,LIMIT,1702125723601,387,9.3610134
TIAUSDT,SELL,LIMIT,1702125725218,517,9.3385277
TIAUSDT,SELL,LIMIT,1702125731769,78,9.3315598
TIAUSDT,SELL,LIMIT,1702125734543,8,9.3315041
TIAUSDT,SELL,LIMIT,1702125735650,31,9.3262245
TIAUSDT,SELL,LIMIT,1702125737377,345,9.3233522
TIAUSDT,SELL,LIMIT,1702125739703,18,9.3227906
TIAUSDT,SELL,LIMIT,1702125740762,556,9.3155442
TIAUSDT,SELL,LIMIT,1702125742090,10,9.3137870
TIAUSDT,SELL,LIMIT,1702125743258,512,9.3115117
TIAUSDT,SELL,LIMIT,1702125744300,32,9.3095381
TIAUSDT,SELL,LIMIT,1702125745835,10,9.3047314
TIAUSDT,SELL,LIMIT,1702125864896,10,9.3424752
TIAUSDT,SELL,LIMIT,1702125890634,7,9.3057382
TIAUSDT,SELL,LIMIT,1702125891939,282,9.3003335
TIAUSDT,BUY,LIMIT,1702126166593,30,9.6967617
TIAUSDT,SELL,LIMIT,1702126358779,7,9.4104931
TIAUSDT,BUY,LIMIT,1702127314267,289,9.7404808
TIAUSDT,SELL,LIMIT,1702127623024,38,9.3953241
TIAUSDT,BUY,LIMIT,1702128011526,10,9.7379302
TIAUSDT,BUY,LIMIT,1702128013025,21,9.7587460
TIAUSDT,BUY,LIMIT,1702128020461,15,9.7719465
TIAUSDT,BUY,LIMIT,1702128040502,70,9.7939535
TIAUSDT,BUY,LIMIT,1702128171904,7,9.8664233
TIAUSDT,BUY,LIMIT,1702128175401,5,9.8792708
TIAUSDT,BUY,LIMIT,1702128216619,12,9.9077487
TIAUSDT,BUY,LIMIT,1702128245900,5,9.9174388
TIAUSDT,BUY,LIMIT,1702128248063,31,9.9310175
TIAUSDT,SELL,LIMIT,1702128660153,10,9.6052625
TIAUSDT,BUY,LIMIT,1702128806588,46,9.9430500
TIAUSDT,BUY,LIMIT,1702128825160,13,9.9670037
TIAUSDT,SELL,LIMIT,1702128927969,25,9.6310712
TIAUSDT,SELL,LIMIT,1702128998557,509,9.6038314
TIAUSDT,SELL,LIMIT,1702129176162,20,9.5857101
TIAUSDT,BUY,LIMIT,1702129516284,38,9.9390387
TIAUSDT,BUY,LIMIT,1702129542099,44,9.9609993
TIAUSDT,BUY,LIMIT,1702129689120,1,9.9163168
TIAUSDT,SELL,LIMIT,1702129809599,10,9.6489616
TIAUSDT,BUY,LIMIT,1702129999140,236,9.9887463
TIAUSDT,SELL,LIMIT,1702130131528,96,9.6063198
TIAUSDT,SELL,LIMIT,1702130133868,10,9.5872701
TIAUSDT,SELL,LIMIT,1702130193569,189,9.5719081
TIAUSDT,SELL,LIMIT,1702130218343,73,9.5661938
TIAUSDT,SELL,LIMIT,1702130234016,3,9.5359221
TIAUSDT,SELL,LIMIT,1702130235046,1,9.5291392
TIAUSDT,SELL,LIMIT,1702130236788,50,9.5284363
TIAUSDT,SELL,LIMIT,1702130402285,336,9.5079401
TIAUSDT,SELL,LIMIT,1702130414745,364,9.5057481
TIAUSDT,SELL,LIMIT,1702130416707,100,9.5021146
TIAUSDT,SELL,LIMIT,1702130424400,257,9.4993848
TIAUSDT,SELL,LIMIT,1702130535363,10,9.4811219
TIAUSDT,BUY,LIMIT,1702130711293,1,9.8438842
TIAUSDT,BUY,LIMIT,1702130793483,110,9.8817666
TIAUSDT,BUY,LIMIT,1702130816289,13,9.9087321
TIAUSDT,BUY,LIMIT,1702131360802,55,9.9657038
TIAUSDT,BUY,LIMIT,1702131532078,510,10.0057797
TIAUSDT,BUY,LIMIT,1702131533279,6,10.0069568
TIAUSDT,BUY,LIMIT,1702131536573,5,10.0096895
TIAUSDT,BUY,LIMIT,1702131726631,18,10.0531626
TIAUSDT,SELL,LIMIT,1702131926621,2,9.7285866
TIAUSDT,SELL,LIMIT,1702132044127,1,9.6415508
TIAUSDT,SELL,LIMIT,1702132278252,8,9.6178714
TIAUSDT,SELL,LIMIT,1702132605585,8,9.6031743
TIAUSDT,SELL,LIMIT,1702132660391,42,9.5840096
TIAUSDT,SELL,LIMIT,1702132797119,18,9.5685781
TIAUSDT,SELL,LIMIT,1702132815729,10,9.5593255
TIAUSDT,SELL,LIMIT,1702132818327,15,9.5585598
TIAUSDT,SELL,LIMIT,1702132819609,85,9.5546710
TIAUSDT,SELL,LIMIT,1702132885013,28,9.5447561
TIAUSDT,SELL,LIMIT,1702132891195,75,9.5407255
TIAUSDT,SELL,LIMIT,1702132997613,74,9.5060435
TIAUSDT,SELL,LIMIT,1702132999530,498,9.4924214
TIAUSDT,SELL,LIMIT,1702133003530,13,9.4802193
TIAUSDT,SELL,LIMIT,1702133004695,343,9.4767710
TIAUSDT,SELL,LIMIT,1702133005884,26,9.4748795
TIAUSDT,SELL,LIMIT,1702133008499,39,9.4692430
TIAUSDT,SELL,LIMIT,1702133318504,267,9.5012778
TIAUSDT,SELL,LIMIT,1702133387178,207,9.4671379
TIAUSDT,SELL,LIMIT,1702133398457,9,9.4598601
TIAUSDT,SELL,LIMIT,1702134392372,58,9.5273166
TIAUSDT,SELL,LIMIT,1702134394245,374,9.5238250
TIAUSDT,SELL,LIMIT,1702134400080,10,9.5079401
TIAUSDT,SELL,LIMIT,1702134832335,5,9.4724519
TIAUSDT,SELL,LIMIT,1702134834808,260,9.4638528
TIAUSDT,SELL,LIMIT,1702134838388,81,9.4540940
TIAUSDT,SELL,LIMIT,1702134843389,142,9.6958507
TIAUSDT,SELL,LIMIT,1702134872864,6,9.4453209
TIAUSDT,SELL,LIMIT,1702134880486,5,9.4394414
TIAUSDT,SELL,LIMIT,1702134885577,23,9.4354633
TIAUSDT,SELL,LIMIT,1702135366293,7,9.4349007
TIAUSDT,SELL,LIMIT,1702135371671,20,9.4320321
TIAUSDT,SELL,LIMIT,1702135375242,20,9.4243112
TIAUSDT,SELL,LIMIT,1702135409597,7,9.4279046
TIAUSDT,SELL,LIMIT,1702135414130,1,9.4250841
TIAUSDT,SELL,LIMIT,1702135668800,20,9.4114730
TIAUSDT,SELL,LIMIT,1702135677155,50,9.4078077
TIAUSDT,SELL,LIMIT,1702135680085,37,9.4059751
TIAUSDT,SELL,LIMIT,1702135684615,19,9.4039396
TIAUSDT,SELL,LIMIT,1702135709455,29,9.3998067
TIAUSDT,SELL,LIMIT,1702135711130,32,9.3907561
TIAUSDT,SELL,LIMIT,1702135739074,44,9.3849046
TIAUSDT,SELL,LIMIT,1702135775422,441,9.3825191
TIAUSDT,BUY,LIMIT,1702135994304,110,9.7360306
TIAUSDT,BUY,LIMIT,1702136811420,12,9.7908702
TIAUSDT,BUY,LIMIT,1702136935339,1,9.8467908
TIAUSDT,BUY,LIMIT,1702137066413,67,9.8561390
TIAUSDT,BUY,LIMIT,1702137069897,7,9.8599923
TIAUSDT,BUY,LIMIT,1702137077359,21,9.8700993
TIAUSDT,BUY,LIMIT,1702137081084,26,9.8720231
TIAUSDT,SELL,LIMIT,1702138665132,12,9.4783315
TIAUSDT,SELL,LIMIT,1702138699511,15,9.4761778
TIAUSDT,SELL,LIMIT,1702138905511,5,9.4392837
TIAUSDT,SELL,LIMIT,1702138907925,99,9.4363358
TIAUSDT,SELL,LIMIT,1702138909601,70,9.4298279
TIAUSDT,SELL,LIMIT,1702138949118,49,9.3926593
TIAUSDT,SELL,LIMIT,1702138951345,7,9.3900781
TIAUSDT,SELL,LIMIT,1702138953850,522,9.3853963
TIAUSDT,SELL,LIMIT,1702138997224,2,9.3810103
TIAUSDT,SELL,LIMIT,1702138998318,30,9.3784102
TIAUSDT,SELL,LIMIT,1702139000482,9,9.3693316
TIAUSDT,SELL,LIMIT,1702139001552,29,9.3700890
TIAUSDT,SELL,LIMIT,1702139058381,21,9.3657601
TIAUSDT,SELL,LIMIT,1702139068875,133,9.3634230
TIAUSDT,SELL,LIMIT,1702139110245,26,9.3602472
TIAUSDT,SELL,LIMIT,1702139114300,4,9.3595146
TIAUSDT,SELL,LIMIT,1702139115387,35,9.3535082
TIAUSDT,SELL,LIMIT,1702139116525,17,9.3491320
TIAUSDT,SELL,LIMIT,1702139117685,20,9.3421497
TIAUSDT,SELL,LIMIT,1702139119126,62,9.3247522
TIAUSDT,SELL,LIMIT,1702139120260,379,9.3212960
TIAUSDT,SELL,LIMIT,1702139123181,1,9.3246739
TIAUSDT,SELL,LIMIT,1702139125532,4,9.3215616
TIAUSDT,SELL,LIMIT,1702139197482,30,9.3167180
TIAUSDT,SELL,LIMIT,1702139202151,76,9.3123970
TIAUSDT,SELL,LIMIT,1702139203381,26,9.3131714
TIAUSDT,SELL,LIMIT,1702139205223,1,9.3100766
TIAUSDT,SELL,LIMIT,1702139206255,50,9.3028104
TIAUSDT,SELL,LIMIT,1702139208210,1,9.2907582
TIAUSDT,SELL,LIMIT,1702139209234,25,9.2936833
TIAUSDT,SELL,LIMIT,1702139211242,12,9.2801290
TIAUSDT,SELL,LIMIT,1702139212416,2,9.2797477
TIAUSDT,SELL,LIMIT,1702139248165,504,9.2850041
TIAUSDT,SELL,LIMIT,1702139259304,8,9.2835355
TIAUSDT,SELL,LIMIT,1702139264073,3,9.2789221
TIAUSDT,SELL,LIMIT,1702139268611,12,9.2734637
TIAUSDT,SELL,LIMIT,1702139269873,132,9.2725867
TIAUSDT,SELL,LIMIT,1702139271176,21,9.2712201
TIAUSDT,SELL,LIMIT,1702139274207,39,9.2666799
TIAUSDT,SELL,LIMIT,1702139275218,259,9.2666526
TIAUSDT,SELL,LIMIT,1702139277178,12,9.2625372
TIAUSDT,SELL,LIMIT,1702139278180,356,9.2560662
TIAUSDT,SELL,LIMIT,1702139279204,50,9.2460583
TIAUSDT,SELL,LIMIT,1702139280341,294,9.2486681
TIAUSDT,SELL,LIMIT,1702139281726,90,9.2402880
TIAUSDT,SELL,LIMIT,1702139284729,268,9.2365248
TIAUSDT,SELL,LIMIT,1702139290688,135,9.2360108
TIAUSDT,SELL,LIMIT,1702139292079,30,9.2291300
TIAUSDT,SELL,LIMIT,1702139293239,141,9.2291667
TIAUSDT,SELL,LIMIT,1702139294395,1,9.2262502
TIAUSDT,SELL,LIMIT,1702139295502,401,9.2198335
TIAUSDT,SELL,LIMIT,1702139296522,16,9.2099477
TIAUSDT,BUY,LIMIT,1702139513311,17,9.7468482
TIAUSDT,BUY,LIMIT,1702139735412,111,9.8741317
TIAUSDT,BUY,LIMIT,1702139755151,7,9.8938965
TIAUSDT,BUY,LIMIT,1702139794998,200,9.9653865
TIAUSDT,SELL,LIMIT,1702139823138,33,9.6067513
TIAUSDT,BUY,LIMIT,1702141012808,5,9.9434873
TIAUSDT,BUY,LIMIT,1702141091627,529,9.9774551
TIAUSDT,BUY,LIMIT,1702141105813,499,9.9753999
TIAUSDT,SELL,LIMIT,1702141385176,40,9.7219460
TIAUSDT,SELL,LIMIT,1702141540199,498,9.6301555
TIAUSDT,SELL,LIMIT,1702141562737,2,9.9964924
TIAUSDT,SELL,LIMIT,1702141726185,111,9.6702384
TIAUSDT,SELL,LIMIT,1702141740163,25,9.6411915
TIAUSDT,SELL,LIMIT,1702141746324,3,9.6272021
TIAUSDT,BUY,LIMIT,1702141932515,376,9.9735748
TIAUSDT,BUY,LIMIT,1702142127466,7,9.9926292
TIAUSDT,BUY,LIMIT,1702142226715,2,10.0303423
TIAUSDT,BUY,LIMIT,1702142256178,184,10.0581305
TIAUSDT,BUY,LIMIT,1702142261855,198,10.0750646
TIAUSDT,BUY,LIMIT,1702142273483,140,10.0775018
TIAUSDT,BUY,LIMIT,1702142275108,4,10.0862991
TIAUSDT,BUY,LIMIT,1702142277378,216,10.1029537
TIAUSDT,BUY,LIMIT,1702142278409,2,10.0960151
TIAUSDT,BUY,LIMIT,1702142295708,23,10.1064041
TIAUSDT,BUY,LIMIT,1702142297182,95,10.1119734
TIAUSDT,SELL,LIMIT,1702142382299,5,9.7673782
TIAUSDT,SELL,LIMIT,1702142384117,25,9.7550198
TIAUSDT,SELL,LIMIT,1702142385141,2,9.7552701
TIAUSDT,SELL,LIMIT,1702142388106,37,9.7326314
TIAUSDT,SELL,LIMIT,1702142533204,119,9.7231996
TIAUSDT,SELL,LIMIT,1702142622427,151,9.6849643
TIAUSDT,SELL,LIMIT,1702142638333,87,9.6664994
TIAUSDT,SELL,LIMIT,1702142710138,407,9.6057858
TIAUSDT,SELL,LIMIT,1702142711251,487,9.5658827
TIAUSDT,SELL,LIMIT,1702142713192,179,9.5647182
TIAUSDT,SELL,LIMIT,1702142717990,475,9.5624697
TIAUSDT,SELL,LIMIT,1702142719767,510,9.5624071
TIAUSDT,SELL,LIMIT,1702142745977,510,9.5563394
TIAUSDT,SELL,LIMIT,1702142752205,119,9.5484715
TIAUSDT,SELL,LIMIT,1702142766251,203,9.5227986
TIAUSDT,SELL,LIMIT,1702142771194,35,9.5143854
TIAUSDT,SELL,LIMIT,1702142773165,10,9.5023801
TIAUSDT,SELL,LIMIT,1702142777483,126,9.5153977
TIAUSDT,SELL,LIMIT,1702142816151,62,9.4996452
TIAUSDT,SELL,LIMIT,1702142828372,413,9.4872468
TIAUSDT,SELL,LIMIT,1702142832306,44,9.4713464
TIAUSDT,SELL,LIMIT,1702142836299,24,9.4686989
TIAUSDT,SELL,LIMIT,1702143019637,4,9.4611936
TIAUSDT,SELL,LIMIT,1702143020778,20,9.4580516
TIAUSDT,SELL,LIMIT,1702143029910,29,9.4575761
TIAUSDT,SELL,LIMIT,1702143055925,51,9.4561546
TIAUSDT,SELL,LIMIT,1702143060287,35,9.4452193
TIAUSDT,SELL,LIMIT,1702143063180,4,9.4409933
TIAUSDT,SELL,LIMIT,1702143609137,27,9.4808368
TIAUSDT,SELL,LIMIT,1702143856415,6,9.4389879
TIAUSDT,SELL,LIMIT,1702143858498,137,9.4380300
TIAUSDT,SELL,LIMIT,1702143861179,1,9.4258974
TIAUSDT,SELL,LIMIT,1702143879858,469,9.4243127
TIAUSDT,SELL,LIMIT,1702143936717,43,9.4099201
TIAUSDT,SELL,LIMIT,1702144079685,29,9.4540125
TIAUSDT,SELL,LIMIT,1702144628180,505,9.4523916
TIAUSDT,SELL,LIMIT,1702144635084,7,9.4461875
TIAUSDT,SELL,LIMIT,1702144653923,247,9.3939442
TIAUSDT,SELL,LIMIT,1702144676530,142,9.4077598
TIAUSDT,SELL,LIMIT,1702144691096,17,9.3782882
TIAUSDT,SELL,LIMIT,1702144696615,58,9.3632524
TIAUSDT,SELL,LIMIT,1702144698115,20,9.3593591
TIAUSDT,SELL,LIMIT,1702144700834,9,9.3538981
TIAUSDT,SELL,LIMIT,1702144702562,516,9.3439516
TIAUSDT,SELL,LIMIT,1702144708473,3,9.3363604
TIAUSDT,SELL,LIMIT,1702144719102,17,9.3342945
TIAUSDT,SELL,LIMIT,1702144802285,197,9.3493235
TIAUSDT,BUY,LIMIT,1702145101504,1,9.6694477
TIAUSDT,BUY,LIMIT,1702145133054,20,9.6758706
TIAUSDT,SELL,LIMIT,1702145377995,1,9.3875716
TIAUSDT,SELL,LIMIT,1702145459771,36,9.3739877
TIAUSDT,BUY,LIMIT,1702145775377,493,9.7034113
TIAUSDT,SELL,LIMIT,1702145854737,105,9.4340368
TIAUSDT,BUY,LIMIT,1702146069688,17,9.7467395
TIAUSDT,BUY,LIMIT,1702147728855,1,9.7637071
TIAUSDT,SELL,LIMIT,1702148376414,9,9.4834351
TIAUSDT,BUY,LIMIT,1702148538052,21,9.7658062
TIAUSDT,BUY,LIMIT,1702149080755,31,9.7944454
TIAUSDT,BUY,LIMIT,1702149109579,33,9.8112315
TIAUSDT,BUY,LIMIT,1702149290426,8,9.8325644
TIAUSDT,SELL,LIMIT,1702149531003,3,9.4861357
TIAUSDT,SELL,LIMIT,1702151568130,41,9.5579619
TIAUSDT,SELL,LIMIT,1702152775742,21,9.4982742
TIAUSDT,SELL,LIMIT,1702152800468,38,9.4909163
TIAUSDT,SELL,LIMIT,1702152816233,25,9.4869890
TIAUSDT,SELL,LIMIT,1702152878850,168,9.4709237
TIAUSDT,SELL,LIMIT,1702152895323,3,9.4382310
TIAUSDT,SELL,LIMIT,1702152930618,243,9.4178756
TIAUSDT,SELL,LIMIT,1702152940551,17,9.4072266
TIAUSDT,SELL,LIMIT,1702153053087,60,9.3961281
TIAUSDT,SELL,LIMIT,1702153054880,41,9.3941389
TIAUSDT,SELL,LIMIT,1702153698598,48,9.4340252
TIAUSDT,SELL,LIMIT,1702153709730,67,9.4307119
TIAUSDT,SELL,LIMIT,1702153890804,523,9.3850133
TIAUSDT,SELL,LIMIT,1702153910510,41,9.3932556
TIAUSDT,SELL,LIMIT,1702153912897,9,9.6697096
TIAUSDT,SELL,LIMIT,1702155445012,104,9.3969037
TIAUSDT,SELL,LIMIT,1702155729150,48,9.3873196
TIAUSDT,SELL,LIMIT,1702155739342,31,9.3815884
TIAUSDT,SELL,LIMIT,1702155764064,109,9.3783712
TIAUSDT,SELL,LIMIT,1702155812318,386,9.3734418
TIAUSDT,SELL,LIMIT,1702156247050,202,9.3572301
TIAUSDT,SELL,LIMIT,1702156334685,515,9.3407024
TIAUSDT,SELL,LIMIT,1702156344442,4,9.3380293
TIAUSDT,SELL,LIMIT,1702156350126,227,9.3324748
TIAUSDT,SELL,LIMIT,1702156355271,8,9.3308978
TIAUSDT,SELL,LIMIT,1702156356349,178,9.3292611
TIAUSDT,SELL,LIMIT,1702156358387,2,9.3198179
TIAUSDT,SELL,LIMIT,1702156359636,31,9.3189569
TIAUSDT,SELL,LIMIT,1702156368014,4,9.3165685
TIAUSDT,SELL,LIMIT,1702156373198,394,9.3163666
TIAUSDT,SELL,LIMIT,1702156498036,111,9.3170426
TIAUSDT,SELL,LIMIT,1702156530474,8,9.3273885
TIAUSDT,BUY,LIMIT,1702157893474,6,9.7170623
TIAUSDT,SELL,LIMIT,1702159142542,28,9.4627152
TIAUSDT,SELL,LIMIT,1702161498058,8,9.4678201
TIAUSDT,SELL,LIMIT,1702162016202,155,9.4150264
TIAUSDT,SELL,LIMIT,1702162017542,64,9.4188149
TIAUSDT,SELL,LIMIT,1702162110969,3,9.4020572
TIAUSDT,SELL,LIMIT,1702162181102,47,9.3820632
TIAUSDT,SELL,LIMIT,1702162182744,10,9.3818296
TIAUSDT,SELL,LIMIT,1702162388545,105,9.3675041
TIAUSDT,SELL,LIMIT,1702162390302,216,9.3675471
TIAUSDT,SELL,LIMIT,1702162414090,434,9.3717551
TIAUSDT,SELL,LIMIT,1702162448694,101,9.3654703
TIAUSDT,SELL,LIMIT,1702162473489,19,9.3511244
TIAUSDT,SELL,LIMIT,1702162507233,28,9.3444165
TIAUSDT,SELL,LIMIT,1702162531321,525,9.3351309
TIAUSDT,SELL,LIMIT,1702162532450,104,9.3346053
TIAUSDT,SELL,LIMIT,1702162534256,61,9.3303459
TIAUSDT,SELL,LIMIT,1702163717345,165,9.3130534
TIAUSDT,SELL,LIMIT,1702164052883,114,9.5075043
TIAUSDT,SELL,LIMIT,1702164056248,169,9.3131751
TIAUSDT,SELL,LIMIT,1702164083362,90,9.3119001
TIAUSDT,SELL,LIMIT,1702164087348,6,9.3066247
TIAUSDT,SELL,LIMIT,1702164088371,12,9.3088976
TIAUSDT,SELL,LIMIT,1702164090543,32,9.2906543
TIAUSDT,SELL,LIMIT,1702164091553,1,9.2839695
TIAUSDT,SELL,LIMIT,1702164103189,7,9.2778245
TIAUSDT,SELL,LIMIT,1702164107004,35,9.2764769
TIAUSDT,SELL,LIMIT,1702164111629,526,9.2694525
TIAUSDT,SELL,LIMIT,1702164114898,415,9.2677911
TIAUSDT,SELL,LIMIT,1702164129736,481,9.2673973
TIAUSDT,SELL,LIMIT,1702164130932,525,9.2663040
TIAUSDT,SELL,LIMIT,1702164132668,5,9.2640965
TIAUSDT,SELL,LIMIT,1702164208729,6,9.2569909
TIAUSDT,SELL,LIMIT,1702164209738,238,9.2488908
TIAUSDT,SELL,LIMIT,1702164210768,1597,9.1801846
TIAUSDT,SELL,LIMIT,1702164219574,37,9.2285265
TIAUSDT,SELL,LIMIT,1702164222339,49,9.2238616
TIAUSDT,SELL,LIMIT,1702164223350,74,9.2196465
TIAUSDT,SELL,LIMIT,1702164225818,88,9.2174367
TIAUSDT,SELL,LIMIT,1702164227537,51,9.2153592
TIAUSDT,SELL,LIMIT,1702164263961,37,9.2139594
TIAUSDT,SELL,LIMIT,1702164270629,3,9.2128037
TIAUSDT,SELL,LIMIT,1702164272009,7,9.2110584
TIAUSDT,SELL,LIMIT,1702164297040,40,9.2076069
TIAUSDT,SELL,LIMIT,1702164298056,1,9.2081220
TIAUSDT,SELL,LIMIT,1702164300069,2,9.1983225
TIAUSDT,SELL,LIMIT,1702164301114,40,9.1994206
TIAUSDT,SELL,LIMIT,1702164303057,13,9.1968651
TIAUSDT,SELL,LIMIT,1702164504060,8,9.1797982
TIAUSDT,SELL,LIMIT,1702164505072,3,9.1813866
TIAUSDT,SELL,LIMIT,1702164506127,1,9.1603416
TIAUSDT,SELL,LIMIT,1702164508060,142,9.1483085
TIAUSDT,SELL,LIMIT,1702164509103,67,9.1514986
TIAUSDT,SELL,LIMIT,1702164510231,44,9.1338342
TIAUSDT,SELL,LIMIT,1702164514159,2783,9.0649711
TIAUSDT,SELL,LIMIT,1702164525008,21,9.1558605
TIAUSDT,SELL,LIMIT,1702164529459,18,9.1558267
TIAUSDT,SELL,LIMIT,1702164533449,41,9.1566430
TIAUSDT,SELL,LIMIT,1702164541252,20,9.1555394
TIAUSDT,SELL,LIMIT,1702164545235,4,9.1460371
TIAUSDT,SELL,LIMIT,1702164551325,1,9.1363631
TIAUSDT,SELL,LIMIT,1702164570714,13,9.1388301
TIAUSDT,SELL,LIMIT,1702164573484,2,9.1358601
TIAUSDT,SELL,LIMIT,1702164577105,382,9.1306247
TIAUSDT,SELL,LIMIT,1702164578391,93,9.1317376
TIAUSDT,SELL,LIMIT,1702164579395,2,9.1201016
TIAUSDT,SELL,LIMIT,1702164581570,219,9.1228002
TIAUSDT,SELL,LIMIT,1702164582872,10,9.1221401
TIAUSDT,SELL,LIMIT,1702164689351,1,9.1669031
TIAUSDT,SELL,LIMIT,1702164717464,216,9.1654251
TIAUSDT,SELL,LIMIT,1702164737722,1,9.1625821
TIAUSDT,SELL,LIMIT,1702164745208,12,9.1489470
TIAUSDT,SELL,LIMIT,1702164746515,388,9.1355469
TIAUSDT,SELL,LIMIT,1702164748187,39,9.1452356
TIAUSDT,SELL,LIMIT,1702164749525,8,9.1249716
TIAUSDT,SELL,LIMIT,1702164751594,89,9.1268965
TIAUSDT,SELL,LIMIT,1702164752620,36,9.1238903
TIAUSDT,SELL,LIMIT,1702164764157,100,9.1223151
TIAUSDT,SELL,LIMIT,1702164772406,70,9.1275629
TIAUSDT,SELL,LIMIT,1702164795784,65,9.1342100
TIAUSDT,SELL,LIMIT,1702164801549,213,9.1174576
TIAUSDT,SELL,LIMIT,1702164802675,54,9.1146871
TIAUSDT,BUY,LIMIT,1702164804068,445,9.3867005
TIAUSDT,SELL,LIMIT,1702164805535,1,9.1153601
TIAUSDT,SELL,LIMIT,1702164806548,25,9.1153596
TIAUSDT,SELL,LIMIT,1702164807571,7,9.1101719
TIAUSDT,SELL,LIMIT,1702164808586,160,9.1221375
TIAUSDT,SELL,LIMIT,1702164809743,504,9.1064417
TIAUSDT,SELL,LIMIT,1702164810801,16,9.1689029
TIAUSDT,SELL,LIMIT,1702164811894,10,9.0983844
TIAUSDT,SELL,LIMIT,1702164813326,26,9.0888624
TIAUSDT,SELL,LIMIT,1702164814392,10,9.0879214
TIAUSDT,SELL,LIMIT,1702164842111,13,9.1068427
TIAUSDT,SELL,LIMIT,1702164864328,8,9.0897933
TIAUSDT,SELL,LIMIT,1702164866061,29,9.0868050
TIAUSDT,SELL,LIMIT,1702164867279,318,9.0874279
TIAUSDT,SELL,LIMIT,1702164868337,41,9.0814118
TIAUSDT,SELL,LIMIT,1702164869437,16,9.0838783
TIAUSDT,SELL,LIMIT,1702164870641,113,9.0803590
TIAUSDT,SELL,LIMIT,1702164871830,40,9.0776758
TIAUSDT,SELL,LIMIT,1702165634908,12,9.1704296
TIAUSDT,BUY,LIMIT,1702166448553,16,9.5080147
TIAUSDT,SELL,LIMIT,1702166873173,143,9.1775307
TIAUSDT,SELL,LIMIT,1702166915232,26,9.1668801
TIAUSDT,SELL,LIMIT,1702166936828,15,9.1490212
TIAUSDT,BUY,LIMIT,1702168454532,181,9.5011355
TIAUSDT,BUY,LIMIT,1702168576140,47,9.5078496
TIAUSDT,BUY,LIMIT,1702169552016,1,9.3844803
TIAUSDT,SELL,LIMIT,1702170226786,498,9.1972638
TIAUSDT,SELL,LIMIT,1702170869249,10,9.1738862
TIAUSDT,SELL,LIMIT,1702170984249,37,9.1426239
TIAUSDT,BUY,LIMIT,1702171814283,275,9.5429529
TIAUSDT,SELL,LIMIT,1702173522120,4,9.2158431
TIAUSDT,BUY,LIMIT,1702173645301,134,9.5268824
TIAUSDT,SELL,LIMIT,1702173840342,2,9.1887804
TIAUSDT,SELL,LIMIT,1702174365288,92,9.1527007
TIAUSDT,SELL,LIMIT,1702174374330,53,9.1476182
TIAUSDT,SELL,LIMIT,1702174476123,3,9.1507889
TIAUSDT,SELL,LIMIT,1702174554352,107,9.1261522
TIAUSDT,SELL,LIMIT,1702174563098,10,9.1007129
TIAUSDT,SELL,LIMIT,1702174575214,5,9.0993287
TIAUSDT,SELL,LIMIT,1702174576931,14,9.0970905
TIAUSDT,BUY,LIMIT,1702175795013,64,9.4928784
TIAUSDT,SELL,LIMIT,1702176607291,7,9.1802308
TIAUSDT,SELL,LIMIT,1702177061059,133,9.1639284
TIAUSDT,BUY,LIMIT,1702179747641,9,9.5645366
TIAUSDT,BUY,LIMIT,1702179819119,1,9.5771945
TIAUSDT,BUY,LIMIT,1702179863058,7,9.5821448
TIAUSDT,BUY,LIMIT,1702179910208,213,9.5843991
TIAUSDT,SELL,LIMIT,1702180257182,8,9.3237850
TIAUSDT,BUY,LIMIT,1702180705314,1,9.6102896
TIAUSDT,BUY,LIMIT,1702180706595,3,9.6159154
TIAUSDT,BUY,LIMIT,1702182200441,13,9.6263484
TIAUSDT,BUY,LIMIT,1702182220067,17,9.6412080
TIAUSDT,BUY,LIMIT,1702182273372,9,9.6819059
