Symbol,Side,Order Type,Time,Quantity,Price
TLMUSDT,BUY,LIMIT,1701065771280,19764,0.0154410
TLMUSDT,BUY,LIMIT,1701067242406,451,0.0153550
TLMUSDT,BUY,LIMIT,1701067263002,1222,0.0153644
TLMUSDT,SELL,LIMIT,1701067270917,77169,0.0147547
TLMUSDT,BUY,LIMIT,1701067293192,21443,0.0153091
TLMUSDT,SELL,LIMIT,1701067357202,152417,0.0147306
TLMUSDT,SELL,LIMIT,1701067591069,82395,0.0146821
TLMUSDT,SELL,LIMIT,1701067753410,303,0.0146696
TLMUSDT,SELL,LIMIT,1701067829907,521341,0.0146112
TLMUSDT,SELL,LIMIT,1701067831942,16363,0.0146332
TLMUSDT,SELL,LIMIT,1701067847142,4789,0.0146200
TLMUSDT,SELL,LIMIT,1701067861335,28733,0.0146095
TLMUSDT,SELL,LIMIT,1701067862675,433,0.0146047
TLMUSDT,SELL,LIMIT,1701067864162,651,0.0145883
TLMUSDT,BUY,LIMIT,1701067952343,4524,0.0151587
TLMUSDT,SELL,LIMIT,1701068025197,17058,0.0146217
TLMUSDT,BUY,LIMIT,1701068052759,12088,0.0151828
TLMUSDT,SELL,LIMIT,1701068074943,224461,0.0146187
TLMUSDT,SELL,LIMIT,1701068100314,38750,0.0145826
TLMUSDT,SELL,LIMIT,1701068102191,22821,0.0145668
TLMUSDT,SELL,LIMIT,1701068103282,2892,0.0145712
TLMUSDT,SELL,LIMIT,1701068108218,82738,0.0145621
TLMUSDT,SELL,LIMIT,1701068113145,2760,0.0145578
TLMUSDT,SELL,LIMIT,1701068115023,23621,0.0145523
TLMUSDT,SELL,LIMIT,1701068175323,4505,0.0145427
TLMUSDT,SELL,LIMIT,1701068182709,72105,0.0145382
TLMUSDT,SELL,LIMIT,1701068296392,2000,0.0145333
TLMUSDT,SELL,LIMIT,1701068314384,2318,0.0145303
TLMUSDT,SELL,LIMIT,1701068347585,2406,0.0145351
TLMUSDT,SELL,LIMIT,1701068564141,7432,0.0145104
TLMUSDT,SELL,LIMIT,1701068565184,679,0.0145061
TLMUSDT,SELL,LIMIT,1701068567150,451,0.0144717
TLMUSDT,SELL,LIMIT,1701068568349,303,0.0144713
TLMUSDT,SELL,LIMIT,1701068571485,2516,0.0144668
TLMUSDT,SELL,LIMIT,1701068705861,6890,0.0144552
TLMUSDT,SELL,LIMIT,1701068816779,1320,0.0144403
TLMUSDT,SELL,LIMIT,1701068869072,28474,0.0144531
TLMUSDT,SELL,LIMIT,1701068876135,86022,0.0144337
TLMUSDT,SELL,LIMIT,1701068880184,3237,0.0144287
TLMUSDT,SELL,LIMIT,1701068886878,27271,0.0144284
TLMUSDT,SELL,LIMIT,1701068910595,1929,0.0144186
TLMUSDT,SELL,LIMIT,1701068912077,105941,0.0144112
TLMUSDT,SELL,LIMIT,1701068923465,8466,0.0144003
TLMUSDT,SELL,LIMIT,1701068924617,11061,0.0143918
TLMUSDT,SELL,LIMIT,1701068950767,91302,0.0144455
TLMUSDT,SELL,LIMIT,1701068951910,4199,0.0144257
TLMUSDT,SELL,LIMIT,1701068991381,2499,0.0145007
TLMUSDT,BUY,LIMIT,1701068998143,326,0.0132786
TLMUSDT,SELL,LIMIT,1701069011638,2885,0.0145797
TLMUSDT,SELL,LIMIT,1701069151718,8142,0.0143791
TLMUSDT,SELL,LIMIT,1701069514693,5190,0.0143963
TLMUSDT,SELL,LIMIT,1701069524069,55522,0.0143763
TLMUSDT,SELL,LIMIT,1701069554447,7305,0.0143767
TLMUSDT,SELL,LIMIT,1701069563227,108223,0.0143668
TLMUSDT,SELL,LIMIT,1701069565116,736,0.0143608
TLMUSDT,SELL,LIMIT,1701069566117,90803,0.0143553
TLMUSDT,SELL,LIMIT,1701069568500,39735,0.0143482
TLMUSDT,SELL,LIMIT,1701069834091,1030,0.0143414
TLMUSDT,SELL,LIMIT,1701069846201,996445,0.0143023
TLMUSDT,SELL,LIMIT,1701069848236,18530,0.0143456
TLMUSDT,SELL,LIMIT,1701069884505,39618,0.0143356
TLMUSDT,SELL,LIMIT,1701069885711,11905,0.0143346
TLMUSDT,SELL,LIMIT,1701069887224,29100,0.0143226
TLMUSDT,SELL,LIMIT,1701069888484,28213,0.0143178
TLMUSDT,SELL,LIMIT,1701069890044,2035,0.0143027
TLMUSDT,SELL,LIMIT,1701069891060,881589,0.0142591
TLMUSDT,SELL,LIMIT,1701069892804,5033,0.0142950
TLMUSDT,SELL,LIMIT,1701069896180,10755,0.0142913
TLMUSDT,SELL,LIMIT,1701069898034,2463,0.0142878
TLMUSDT,SELL,LIMIT,1701070173629,7451,0.0142799
TLMUSDT,SELL,LIMIT,1701070390225,1686,0.0142820
TLMUSDT,SELL,LIMIT,1701070424942,2701,0.0142651
TLMUSDT,SELL,LIMIT,1701070426240,1965,0.0142600
TLMUSDT,SELL,LIMIT,1701070437157,26814,0.0142626
TLMUSDT,SELL,LIMIT,1701070440819,3473,0.0142433
TLMUSDT,SELL,LIMIT,1701070442192,1205,0.0142436
TLMUSDT,BUY,LIMIT,1701074346081,9453,0.0151065
TLMUSDT,SELL,LIMIT,1701074595399,17395,0.0145460
TLMUSDT,SELL,LIMIT,1701074782399,8402,0.0145224
TLMUSDT,BUY,LIMIT,1701081487578,839,0.0126030
TLMUSDT,SELL,LIMIT,1701081932239,27589,0.0144943
TLMUSDT,SELL,LIMIT,1701081982172,312,0.0145225
TLMUSDT,SELL,LIMIT,1701082622540,2773,0.0144453
TLMUSDT,SELL,LIMIT,1701082656898,901,0.0144453
TLMUSDT,SELL,LIMIT,1701082672887,1310,0.0144453
TLMUSDT,SELL,LIMIT,1701083763302,20220,0.0143571
TLMUSDT,SELL,LIMIT,1701084931216,8780,0.0143758
TLMUSDT,SELL,LIMIT,1701084932073,121332,0.0143630
TLMUSDT,BUY,LIMIT,1701086873949,532,0.0153784
TLMUSDT,BUY,LIMIT,1701086875015,625,0.0154381
TLMUSDT,BUY,LIMIT,1701090702876,5776,0.0153096
TLMUSDT,BUY,LIMIT,1701091253838,1017,0.0154571
TLMUSDT,SELL,LIMIT,1701092010267,33585,0.0147195
TLMUSDT,BUY,LIMIT,1701092866032,1254,0.0123772
TLMUSDT,SELL,LIMIT,1701093260087,204918,0.0148296
TLMUSDT,SELL,LIMIT,1701095577264,32247,0.0144540
TLMUSDT,SELL,LIMIT,1701097016135,44698,0.0143767
TLMUSDT,SELL,LIMIT,1701097031067,403,0.0143672
TLMUSDT,SELL,LIMIT,1701097088199,53733,0.0143449
TLMUSDT,SELL,LIMIT,1701100074357,1055,0.0144023
TLMUSDT,SELL,LIMIT,1701100218006,5000,0.0143331
TLMUSDT,SELL,LIMIT,1701100241078,132714,0.0143312
TLMUSDT,BUY,LIMIT,1701100280208,782,0.0148630
TLMUSDT,SELL,LIMIT,1701100570087,179,0.0143720
TLMUSDT,SELL,LIMIT,1701100574472,99,0.0160512
TLMUSDT,SELL,LIMIT,1701100625142,500,0.0143561
TLMUSDT,SELL,LIMIT,1701100815035,1384,0.0143645
TLMUSDT,SELL,LIMIT,1701101007836,1646,0.0143403
TLMUSDT,SELL,LIMIT,1701101072217,70377,0.0143425
TLMUSDT,SELL,LIMIT,1701101240717,1389,0.0143219
TLMUSDT,BUY,LIMIT,1701101982733,5399,0.0150375
TLMUSDT,BUY,LIMIT,1701104150131,1384,0.0151877
TLMUSDT,SELL,LIMIT,1701104762278,13632,0.0146708
TLMUSDT,SELL,LIMIT,1701111839563,5040,0.0153790
TLMUSDT,SELL,LIMIT,1701111859403,25,0.0291202
TLMUSDT,SELL,LIMIT,1701111889883,100000,0.0145258
TLMUSDT,SELL,LIMIT,1701114268569,14287,0.0144214
TLMUSDT,SELL,LIMIT,1701114471426,36123,0.0143071
TLMUSDT,SELL,LIMIT,1701114476356,814,0.0147459
TLMUSDT,SELL,LIMIT,1701114477454,10832,0.0143071
TLMUSDT,SELL,LIMIT,1701114485078,350000,0.0142926
TLMUSDT,SELL,LIMIT,1701114487054,166140,0.0142896
TLMUSDT,SELL,LIMIT,1701114515919,23260,0.0142729
TLMUSDT,SELL,LIMIT,1701114521211,1220,0.0142644
TLMUSDT,SELL,LIMIT,1701114523488,1724,0.0142681
TLMUSDT,SELL,LIMIT,1701114530194,1467,0.0142571
TLMUSDT,SELL,LIMIT,1701116561347,60398,0.0143832
TLMUSDT,SELL,LIMIT,1701117187857,4574,0.0143309
TLMUSDT,SELL,LIMIT,1701117441060,1363,0.0142865
TLMUSDT,SELL,LIMIT,1701121770592,1081,0.0144659
TLMUSDT,BUY,LIMIT,1701123032089,1532,0.0124315
TLMUSDT,BUY,LIMIT,1701123160285,3953,0.0150819
TLMUSDT,BUY,LIMIT,1701123169070,37619,0.0142086
TLMUSDT,SELL,LIMIT,1701123201664,24808,0.0144908
TLMUSDT,BUY,LIMIT,1701125809039,333787,0.0154185
TLMUSDT,BUY,LIMIT,1701125824710,2321,0.0155145
TLMUSDT,BUY,LIMIT,1701126911749,765,0.0155638
TLMUSDT,BUY,LIMIT,1701126915811,6854,0.0155686
TLMUSDT,BUY,LIMIT,1701127053877,340,0.0155550
TLMUSDT,BUY,LIMIT,1701127064079,611,0.0155765
TLMUSDT,BUY,LIMIT,1701129680982,33557,0.0156425
TLMUSDT,BUY,LIMIT,1701129683111,31390,0.0156450
TLMUSDT,BUY,LIMIT,1701129802377,402,0.0157873
TLMUSDT,BUY,LIMIT,1701131283146,264963,0.0158735
TLMUSDT,BUY,LIMIT,1701131313427,53663,0.0159196
TLMUSDT,BUY,LIMIT,1701131537232,144423,0.0159503
TLMUSDT,BUY,LIMIT,1701131552095,678,0.0160140
TLMUSDT,BUY,LIMIT,1701131553269,1573,0.0159985
TLMUSDT,BUY,LIMIT,1701131558749,473,0.0160129
TLMUSDT,BUY,LIMIT,1701131577207,2839,0.0160634
TLMUSDT,BUY,LIMIT,1701138491234,75090,0.0160336
TLMUSDT,BUY,LIMIT,1701138498394,15032,0.0160946
TLMUSDT,SELL,LIMIT,1701145608025,213,0.0162329
TLMUSDT,SELL,LIMIT,1701146066471,3494,0.0149546
TLMUSDT,SELL,LIMIT,1701146122462,667,0.0149337
TLMUSDT,SELL,LIMIT,1701147891409,399,0.0148718
TLMUSDT,SELL,LIMIT,1701147892645,3644,0.0148671
TLMUSDT,SELL,LIMIT,1701147894173,19780,0.0148488
TLMUSDT,SELL,LIMIT,1701148256939,55917,0.0148195
TLMUSDT,SELL,LIMIT,1701148258333,11499,0.0148128
TLMUSDT,SELL,LIMIT,1701148527671,30193,0.0147882
TLMUSDT,SELL,LIMIT,1701148531120,80345,0.0147726
TLMUSDT,SELL,LIMIT,1701149895356,13187,0.0147546
TLMUSDT,SELL,LIMIT,1701151107123,1910,0.0147419
TLMUSDT,SELL,LIMIT,1701151158629,61369,0.0147080
TLMUSDT,SELL,LIMIT,1701151193035,13284,0.0146974
TLMUSDT,SELL,LIMIT,1701151194044,4917,0.0146902
TLMUSDT,SELL,LIMIT,1701151198508,71982,0.0146786
TLMUSDT,SELL,LIMIT,1701151213750,420,0.0146665
TLMUSDT,SELL,LIMIT,1701151234588,195753,0.0146579
TLMUSDT,SELL,LIMIT,1701151248517,65963,0.0146541
TLMUSDT,SELL,LIMIT,1701151250762,19446,0.0146518
TLMUSDT,BUY,LIMIT,1701154411252,3830,0.0158063
TLMUSDT,BUY,LIMIT,1701154412675,27718,0.0158478
TLMUSDT,BUY,LIMIT,1701154484594,12351,0.0159045
TLMUSDT,BUY,LIMIT,1701154524126,2905,0.0159437
TLMUSDT,BUY,LIMIT,1701154581234,25639,0.0159640
TLMUSDT,BUY,LIMIT,1701154599269,9619,0.0160154
TLMUSDT,BUY,LIMIT,1701154717231,4310,0.0162043
TLMUSDT,SELL,LIMIT,1701155738479,499,0.0155460
TLMUSDT,SELL,LIMIT,1701156563062,100000,0.0152410
TLMUSDT,SELL,LIMIT,1701158998797,54211,0.0151574
TLMUSDT,SELL,LIMIT,1701161671919,63091,0.0150596
TLMUSDT,SELL,LIMIT,1701161685924,634,0.0150382
TLMUSDT,SELL,LIMIT,1701161756072,166076,0.0150006
TLMUSDT,SELL,LIMIT,1701161811935,3760,0.0149528
TLMUSDT,SELL,LIMIT,1701161917462,12164,0.0149389
TLMUSDT,SELL,LIMIT,1701161918628,3966,0.0149167
TLMUSDT,SELL,LIMIT,1701161942059,14584,0.0149067
TLMUSDT,SELL,LIMIT,1701162042103,150101,0.0148796
TLMUSDT,SELL,LIMIT,1701162044218,25611,0.0148720
TLMUSDT,BUY,LIMIT,1701163070745,363,0.0156950
TLMUSDT,SELL,LIMIT,1701166828197,49338,0.0148390
TLMUSDT,SELL,LIMIT,1701166830249,4746,0.0148247
TLMUSDT,SELL,LIMIT,1701166886250,3834,0.0147678
TLMUSDT,SELL,LIMIT,1701168147913,3096,0.0148302
TLMUSDT,SELL,LIMIT,1701168635096,2563,0.0147962
TLMUSDT,SELL,LIMIT,1701168642369,36178,0.0146897
TLMUSDT,SELL,LIMIT,1701168644788,12735,0.0146750
TLMUSDT,BUY,LIMIT,1701171047264,8,0.0154795
TLMUSDT,BUY,LIMIT,1701181037929,242659,0.0156254
TLMUSDT,BUY,LIMIT,1701186061122,132497,0.0158233
TLMUSDT,BUY,LIMIT,1701186062331,3818,0.0158264
TLMUSDT,BUY,LIMIT,1701186128698,86538,0.0159065
TLMUSDT,BUY,LIMIT,1701186631896,20000,0.0160027
TLMUSDT,BUY,LIMIT,1701187067350,743,0.0158201
TLMUSDT,BUY,LIMIT,1701187271401,24603,0.0158441
TLMUSDT,SELL,LIMIT,1701197837208,36925,0.0152203
TLMUSDT,BUY,LIMIT,1701197838335,386,0.0156862
TLMUSDT,BUY,LIMIT,1701198089221,13126,0.0157824
TLMUSDT,SELL,LIMIT,1701211906977,12565,0.0149100
TLMUSDT,SELL,LIMIT,1701216611803,873,0.0147274
TLMUSDT,SELL,LIMIT,1701216633619,2585,0.0147209
TLMUSDT,SELL,LIMIT,1701216635521,2835,0.0147229
TLMUSDT,SELL,LIMIT,1701216841473,63675,0.0147128
TLMUSDT,SELL,LIMIT,1701216857322,726,0.0147072
TLMUSDT,SELL,LIMIT,1701216867231,2727,0.0146979
TLMUSDT,SELL,LIMIT,1701216913892,2381,0.0146853
TLMUSDT,SELL,LIMIT,1701216978322,4919,0.0146792
TLMUSDT,SELL,LIMIT,1701227080143,164124,0.0146777
TLMUSDT,SELL,LIMIT,1701227113174,26064,0.0146591
TLMUSDT,SELL,LIMIT,1701227260266,331,0.0146347
TLMUSDT,SELL,LIMIT,1701227323592,3981,0.0146306
TLMUSDT,SELL,LIMIT,1701228062302,24912,0.0146092
TLMUSDT,SELL,LIMIT,1701228065409,80439,0.0145946
TLMUSDT,SELL,LIMIT,1701236557222,421,0.0145443
TLMUSDT,BUY,LIMIT,1701244204902,4478,0.0155912
TLMUSDT,SELL,LIMIT,1701250109226,2045,0.0147564
TLMUSDT,BUY,LIMIT,1701253649259,712,0.0152076
TLMUSDT,SELL,LIMIT,1701254425614,2618,0.0145607
TLMUSDT,SELL,LIMIT,1701270452942,66664,0.0145118
TLMUSDT,SELL,LIMIT,1701270507165,66220,0.0145091
TLMUSDT,SELL,LIMIT,1701270559126,330,0.0144974
TLMUSDT,SELL,LIMIT,1701270568442,16171,0.0144902
TLMUSDT,SELL,LIMIT,1701270586292,38961,0.0144705
TLMUSDT,SELL,LIMIT,1701270614508,1287,0.0144927
TLMUSDT,SELL,LIMIT,1701270619026,13272,0.0144446
TLMUSDT,SELL,LIMIT,1701270702517,22,0.0144343
TLMUSDT,SELL,LIMIT,1701270706427,26740,0.0144286
TLMUSDT,SELL,LIMIT,1701270720529,79950,0.0144219
TLMUSDT,SELL,LIMIT,1701270746289,5372,0.0144149
TLMUSDT,SELL,LIMIT,1701270770886,245249,0.0144051
TLMUSDT,SELL,LIMIT,1701275157894,1123,0.0143792
TLMUSDT,SELL,LIMIT,1701275501083,83649,0.0143604
TLMUSDT,SELL,LIMIT,1701275502276,12270,0.0143587
TLMUSDT,SELL,LIMIT,1701275504249,449,0.0143556
TLMUSDT,SELL,LIMIT,1701275825385,617,0.0143305
TLMUSDT,SELL,LIMIT,1701275827260,32945,0.0143251
TLMUSDT,SELL,LIMIT,1701275841403,73009,0.0143138
TLMUSDT,SELL,LIMIT,1701277516117,829,0.0143017
TLMUSDT,BUY,LIMIT,1701283841962,179,0.0151463
TLMUSDT,BUY,LIMIT,1701316660755,12365,0.0153832
TLMUSDT,SELL,LIMIT,1701332232251,701,0.0142640
TLMUSDT,SELL,LIMIT,1701332257274,356,0.0142565
TLMUSDT,SELL,LIMIT,1701332297046,849,0.0142533
TLMUSDT,SELL,LIMIT,1701332299123,148007,0.0142501
TLMUSDT,SELL,LIMIT,1701332303189,6237,0.0142481
TLMUSDT,SELL,LIMIT,1701332327445,7932,0.0142390
TLMUSDT,SELL,LIMIT,1701332328512,33333,0.0142354
TLMUSDT,SELL,LIMIT,1701333618870,5083,0.0142273
TLMUSDT,SELL,LIMIT,1701333625037,11889,0.0142019
TLMUSDT,SELL,LIMIT,1701333626201,3558,0.0142005
TLMUSDT,SELL,LIMIT,1701333627224,19200,0.0141701
TLMUSDT,BUY,LIMIT,1701338132485,112274,0.0153227
TLMUSDT,BUY,LIMIT,1701338141560,3723,0.0153447
TLMUSDT,SELL,LIMIT,1701353060762,400,0.0143799
TLMUSDT,BUY,LIMIT,1701402195277,13039,0.0153586
TLMUSDT,BUY,LIMIT,1701404905067,2650,0.0152986
TLMUSDT,BUY,LIMIT,1701405515309,372,0.0152896
TLMUSDT,SELL,LIMIT,1701407125074,5351,0.0146707
TLMUSDT,SELL,LIMIT,1701441800397,250828,0.0145235
TLMUSDT,SELL,LIMIT,1701442091986,115369,0.0144630
TLMUSDT,SELL,LIMIT,1701442731417,6148,0.0144649
TLMUSDT,BUY,LIMIT,1701443992907,16182,0.0151626
TLMUSDT,BUY,LIMIT,1701444124081,365,0.0154798
TLMUSDT,BUY,LIMIT,1701444130581,443,0.0155071
TLMUSDT,SELL,LIMIT,1701453795943,23570,0.0149451
TLMUSDT,BUY,LIMIT,1701472008433,3291,0.0159434
TLMUSDT,BUY,LIMIT,1701472091036,438378,0.0160298
TLMUSDT,BUY,LIMIT,1701472096811,12449,0.0160199
TLMUSDT,BUY,LIMIT,1701472101684,465,0.0160253
TLMUSDT,BUY,LIMIT,1701472117850,21656,0.0160790
TLMUSDT,BUY,LIMIT,1701472124160,460,0.0160933
TLMUSDT,BUY,LIMIT,1701472140274,1303,0.0161039
TLMUSDT,SELL,LIMIT,1701475724840,646,0.0153371
TLMUSDT,BUY,LIMIT,1701485993931,63,0.0157908
TLMUSDT,BUY,LIMIT,1701486002133,2625,0.0157989
TLMUSDT,SELL,LIMIT,1701486003949,6744,0.0151794
TLMUSDT,SELL,LIMIT,1701486007324,53449,0.0154710
TLMUSDT,SELL,LIMIT,1701508441502,305093,0.0152097
