Symbol,Side,Order Type,Time,Quantity,Price
TOKENUSDT,BUY,LIMIT,1701915609623,7234,0.0488945
TOKENUSDT,SELL,LIMIT,1701918615268,2392,0.0461758
TOKENUSDT,SELL,LIMIT,1701919639205,622,0.0459938
TOKENUSDT,SELL,LIMIT,1701921813374,396,0.0456588
TOKENUSDT,SELL,LIMIT,1701928111522,29022,0.0465226
TOKENUSDT,BUY,LIMIT,1701928291433,4188,0.0483057
TOKENUSDT,SELL,LIMIT,1701929070916,275,0.0466830
TOKENUSDT,SELL,LIMIT,1701929131998,628,0.0465559
TOKENUSDT,BUY,LIMIT,1701929942383,4799,0.0491976
TOKENUSDT,BUY,LIMIT,1701930037509,171,0.0495330
TOKENUSDT,BUY,LIMIT,1701930052531,3002,0.0496310
TOKENUSDT,BUY,LIMIT,1701930471238,108,0.0490083
TOKENUSDT,SELL,LIMIT,1701930545577,26867,0.0478453
TOKENUSDT,SELL,LIMIT,1701930618176,40252,0.0479613
TOKENUSDT,SELL,LIMIT,1701931165123,690,0.0473836
TOKENUSDT,SELL,LIMIT,1701931635298,8062,0.0469689
TOKENUSDT,BUY,LIMIT,1701933782673,236,0.0484609
TOKENUSDT,SELL,LIMIT,1701935822775,308,0.0467287
TOKENUSDT,SELL,LIMIT,1701936921589,5306,0.0460596
TOKENUSDT,SELL,LIMIT,1701936984499,5699,0.0459648
TOKENUSDT,SELL,LIMIT,1701937737412,36506,0.0455794
TOKENUSDT,SELL,LIMIT,1701939124022,9820,0.0451945
TOKENUSDT,SELL,LIMIT,1701939126435,731,0.0451697
TOKENUSDT,SELL,LIMIT,1701939334328,16633,0.0451085
TOKENUSDT,SELL,LIMIT,1701939366216,1077,0.0450264
TOKENUSDT,SELL,LIMIT,1701939367388,7994,0.0450042
TOKENUSDT,SELL,LIMIT,1701939409731,126,0.0448493
TOKENUSDT,SELL,LIMIT,1701940050915,419,0.0448113
TOKENUSDT,SELL,LIMIT,1701940475781,129,0.0446557
TOKENUSDT,SELL,LIMIT,1701940536557,4629,0.0446219
TOKENUSDT,SELL,LIMIT,1701940562202,151,0.0445421
TOKENUSDT,SELL,LIMIT,1701940572296,88894,0.0445066
TOKENUSDT,SELL,LIMIT,1701940573542,7533,0.0445025
TOKENUSDT,SELL,LIMIT,1701940986683,3683,0.0446368
TOKENUSDT,SELL,LIMIT,1701941098752,21621,0.0443632
TOKENUSDT,SELL,LIMIT,1701941100271,10728,0.0443503
TOKENUSDT,SELL,LIMIT,1701941101904,6364,0.0440854
TOKENUSDT,SELL,LIMIT,1701941153080,18420,0.0439469
TOKENUSDT,SELL,LIMIT,1701941154293,6364,0.0440451
TOKENUSDT,SELL,LIMIT,1701941158751,2204,0.0439375
TOKENUSDT,SELL,LIMIT,1701941160661,219,0.0439342
TOKENUSDT,SELL,LIMIT,1701941178239,700,0.0440850
TOKENUSDT,SELL,LIMIT,1701941180146,11343,0.0439736
TOKENUSDT,SELL,LIMIT,1701941181329,6310,0.0439705
TOKENUSDT,SELL,LIMIT,1701941187114,992,0.0439508
TOKENUSDT,SELL,LIMIT,1701941216174,2650,0.0438560
TOKENUSDT,SELL,LIMIT,1701941231936,21496,0.0438424
TOKENUSDT,SELL,LIMIT,1701941235093,6154,0.0438766
TOKENUSDT,SELL,LIMIT,1701941244434,15413,0.0437505
TOKENUSDT,SELL,LIMIT,1701941247114,19361,0.0437269
TOKENUSDT,BUY,LIMIT,1701941535678,360,0.0456312
TOKENUSDT,SELL,LIMIT,1701943354180,925,0.0449648
TOKENUSDT,SELL,LIMIT,1701943403509,1085,0.0448865
TOKENUSDT,BUY,LIMIT,1701948137487,809,0.0476368
TOKENUSDT,BUY,LIMIT,1701948142023,99094,0.0476723
TOKENUSDT,BUY,LIMIT,1701948221680,23732,0.0477612
TOKENUSDT,SELL,LIMIT,1701949316379,22217,0.0463244
TOKENUSDT,BUY,LIMIT,1701949590743,573,0.0482368
TOKENUSDT,BUY,LIMIT,1701949593121,4449,0.0483113
TOKENUSDT,BUY,LIMIT,1701950201050,59849,0.0486286
TOKENUSDT,BUY,LIMIT,1701950638850,1000,0.0484072
TOKENUSDT,SELL,LIMIT,1701950674123,6055,0.0469043
TOKENUSDT,BUY,LIMIT,1701951219372,98,0.0466381
TOKENUSDT,BUY,LIMIT,1701951224469,16211,0.0482499
TOKENUSDT,BUY,LIMIT,1701951370492,2539,0.0482615
TOKENUSDT,BUY,LIMIT,1701951389907,834,0.0483267
TOKENUSDT,BUY,LIMIT,1701952205334,11228,0.0485300
TOKENUSDT,BUY,LIMIT,1701952235257,12272,0.0485520
TOKENUSDT,BUY,LIMIT,1701952326695,8297,0.0488090
TOKENUSDT,BUY,LIMIT,1701953677969,1060,0.0490210
TOKENUSDT,BUY,LIMIT,1701953734248,3056,0.0491134
TOKENUSDT,BUY,LIMIT,1701953946842,50000,0.0489486
TOKENUSDT,SELL,LIMIT,1701954133469,516,0.0474223
TOKENUSDT,SELL,LIMIT,1701954170852,40435,0.0473242
TOKENUSDT,SELL,LIMIT,1701954337396,13630,0.0469248
TOKENUSDT,SELL,LIMIT,1701954416217,32443,0.0466675
TOKENUSDT,SELL,LIMIT,1701954637306,10093,0.0465401
TOKENUSDT,SELL,LIMIT,1701956038421,107,0.0465739
TOKENUSDT,SELL,LIMIT,1701956061951,104334,0.0464943
TOKENUSDT,SELL,LIMIT,1701956572392,9295,0.0466604
TOKENUSDT,SELL,LIMIT,1701956908304,66167,0.0461973
TOKENUSDT,SELL,LIMIT,1701957077593,5590,0.0459391
TOKENUSDT,BUY,LIMIT,1701959599444,2958,0.0489183
TOKENUSDT,BUY,LIMIT,1701960516175,4076,0.0495236
TOKENUSDT,BUY,LIMIT,1701960518010,8905,0.0495490
TOKENUSDT,BUY,LIMIT,1701960825453,10519,0.0498733
TOKENUSDT,BUY,LIMIT,1701960835629,260,0.0499457
TOKENUSDT,BUY,LIMIT,1701960886336,135466,0.0503380
TOKENUSDT,BUY,LIMIT,1701961096328,470,0.0504369
TOKENUSDT,BUY,LIMIT,1701961918117,4076,0.0506100
TOKENUSDT,BUY,LIMIT,1701961921162,29849,0.0508160
TOKENUSDT,BUY,LIMIT,1701961925148,46474,0.0508489
TOKENUSDT,SELL,LIMIT,1701962047275,28610,0.0490519
TOKENUSDT,SELL,LIMIT,1701962374335,5762,0.0486551
TOKENUSDT,BUY,LIMIT,1701962704552,4252,0.0505815
TOKENUSDT,SELL,LIMIT,1701962997203,7341,0.0487836
TOKENUSDT,SELL,LIMIT,1701964400385,33967,0.0491701
TOKENUSDT,BUY,LIMIT,1701964403493,5130,0.0503209
TOKENUSDT,SELL,LIMIT,1701964473715,104,0.0488113
TOKENUSDT,SELL,LIMIT,1701964841341,56800,0.0485011
TOKENUSDT,SELL,LIMIT,1701964871780,8955,0.0484108
TOKENUSDT,SELL,LIMIT,1701964873320,16951,0.0482715
TOKENUSDT,SELL,LIMIT,1701965452171,6054,0.0478535
TOKENUSDT,SELL,LIMIT,1701965465408,74090,0.0476913
TOKENUSDT,SELL,LIMIT,1701965466506,33773,0.0476567
TOKENUSDT,SELL,LIMIT,1701965468040,163,0.0476383
TOKENUSDT,SELL,LIMIT,1701965560000,3362,0.0475408
TOKENUSDT,SELL,LIMIT,1701965604633,41996,0.0474865
TOKENUSDT,SELL,LIMIT,1701965619325,4226,0.0472505
TOKENUSDT,SELL,LIMIT,1701965704340,5303,0.0470703
TOKENUSDT,SELL,LIMIT,1701965721402,201,0.0470000
TOKENUSDT,BUY,LIMIT,1701966404248,838,0.0487417
TOKENUSDT,SELL,LIMIT,1701968484875,6918,0.0473368
TOKENUSDT,SELL,LIMIT,1701968573142,1127,0.0467458
TOKENUSDT,SELL,LIMIT,1701968581949,15749,0.0466773
TOKENUSDT,SELL,LIMIT,1701968607149,365,0.0465911
TOKENUSDT,SELL,LIMIT,1701968608421,29341,0.0465834
TOKENUSDT,BUY,LIMIT,1701969649960,3512,0.0492886
TOKENUSDT,BUY,LIMIT,1701970288264,12173,0.0486706
TOKENUSDT,SELL,LIMIT,1701970938302,77790,0.0468067
TOKENUSDT,SELL,LIMIT,1701971014023,934,0.0466224
TOKENUSDT,SELL,LIMIT,1701971264255,2686,0.0464550
TOKENUSDT,SELL,LIMIT,1701971278108,165,0.0463915
TOKENUSDT,SELL,LIMIT,1701973531418,58815,0.0459016
TOKENUSDT,SELL,LIMIT,1701974044944,75464,0.0458307
TOKENUSDT,SELL,LIMIT,1701974098278,12985,0.0458123
TOKENUSDT,SELL,LIMIT,1701974100545,6056,0.0457667
TOKENUSDT,SELL,LIMIT,1701974154453,30628,0.0457232
TOKENUSDT,SELL,LIMIT,1701974315452,2026,0.0456319
TOKENUSDT,SELL,LIMIT,1701974318932,6957,0.0456046
TOKENUSDT,SELL,LIMIT,1701974334426,20000,0.0455902
TOKENUSDT,SELL,LIMIT,1701977188937,10183,0.0458893
TOKENUSDT,SELL,LIMIT,1701977298266,531555,0.0454881
TOKENUSDT,BUY,LIMIT,1701977738617,4324,0.0478840
TOKENUSDT,SELL,LIMIT,1701980303287,78,0.0456965
TOKENUSDT,SELL,LIMIT,1701981476904,6294,0.0454507
TOKENUSDT,BUY,LIMIT,1701982578973,5000,0.0475619
TOKENUSDT,SELL,LIMIT,1701985405963,2659,0.0465663
TOKENUSDT,SELL,LIMIT,1701986731448,371,0.0463373
TOKENUSDT,SELL,LIMIT,1701988308117,45039,0.0462683
TOKENUSDT,SELL,LIMIT,1701988427362,106968,0.0460395
TOKENUSDT,SELL,LIMIT,1701989294150,4704,0.0462371
TOKENUSDT,SELL,LIMIT,1701992624797,106705,0.0456000
TOKENUSDT,SELL,LIMIT,1701994148433,2047,0.0456273
TOKENUSDT,BUY,LIMIT,1701994779114,570,0.0475965
TOKENUSDT,SELL,LIMIT,1701995849518,22000,0.0463849
TOKENUSDT,SELL,LIMIT,1701996046753,10000,0.0460171
TOKENUSDT,SELL,LIMIT,1701996351649,18742,0.0457717
TOKENUSDT,SELL,LIMIT,1701996492553,4024,0.0455207
TOKENUSDT,SELL,LIMIT,1701996616172,13753,0.0453918
TOKENUSDT,SELL,LIMIT,1701996649069,20977,0.0453030
TOKENUSDT,SELL,LIMIT,1701996650414,2382,0.0452586
TOKENUSDT,SELL,LIMIT,1701996654036,112290,0.0451979
TOKENUSDT,SELL,LIMIT,1701996665341,6083,0.0451842
TOKENUSDT,SELL,LIMIT,1701996667369,7250,0.0451601
TOKENUSDT,SELL,LIMIT,1701997442669,1644,0.0452658
TOKENUSDT,SELL,LIMIT,1701997757234,961,0.0452367
TOKENUSDT,SELL,LIMIT,1701997876223,128,0.0451047
TOKENUSDT,BUY,LIMIT,1702001299595,3835,0.0492772
TOKENUSDT,SELL,LIMIT,1702001650149,3981,0.0474750
TOKENUSDT,BUY,LIMIT,1702003538443,2804,0.0490018
TOKENUSDT,SELL,LIMIT,1702005224215,159,0.0474248
TOKENUSDT,BUY,LIMIT,1702005325251,103,0.0489230
TOKENUSDT,BUY,LIMIT,1702006516134,32502,0.0499187
TOKENUSDT,SELL,LIMIT,1702009743454,14568,0.0478225
TOKENUSDT,SELL,LIMIT,1702009817098,4168,0.0477311
TOKENUSDT,SELL,LIMIT,1702010327917,63,0.0485663
TOKENUSDT,BUY,LIMIT,1702010676169,792,0.0503860
TOKENUSDT,BUY,LIMIT,1702010732482,4500,0.0505593
TOKENUSDT,BUY,LIMIT,1702010904214,2572,0.0507547
TOKENUSDT,BUY,LIMIT,1702010916411,1644,0.0510030
TOKENUSDT,BUY,LIMIT,1702010957762,6969,0.0510712
TOKENUSDT,BUY,LIMIT,1702010964947,2068,0.0511225
TOKENUSDT,BUY,LIMIT,1702010976375,2822,0.0512921
TOKENUSDT,BUY,LIMIT,1702011043603,247,0.0514575
TOKENUSDT,SELL,LIMIT,1702012086504,652,0.0491369
TOKENUSDT,SELL,LIMIT,1702012307816,2003,0.0488938
TOKENUSDT,SELL,LIMIT,1702012753357,1499,0.0487302
TOKENUSDT,SELL,LIMIT,1702012857326,356,0.0486235
TOKENUSDT,SELL,LIMIT,1702013000079,18221,0.0483733
TOKENUSDT,SELL,LIMIT,1702013008592,764,0.0483350
TOKENUSDT,SELL,LIMIT,1702013488308,3959,0.0480043
TOKENUSDT,SELL,LIMIT,1702013641317,10000,0.0478386
TOKENUSDT,SELL,LIMIT,1702013674303,109,0.0475354
TOKENUSDT,SELL,LIMIT,1702013730478,6190,0.0472417
TOKENUSDT,SELL,LIMIT,1702013740364,4185,0.0472251
TOKENUSDT,SELL,LIMIT,1702013750767,503,0.0471647
TOKENUSDT,SELL,LIMIT,1702013813108,45000,0.0470983
TOKENUSDT,SELL,LIMIT,1702013830649,65510,0.0469635
TOKENUSDT,SELL,LIMIT,1702013837899,15990,0.0468391
TOKENUSDT,SELL,LIMIT,1702013855161,6626,0.0468161
TOKENUSDT,SELL,LIMIT,1702013879082,216,0.0468061
TOKENUSDT,SELL,LIMIT,1702013880447,3787,0.0467149
TOKENUSDT,SELL,LIMIT,1702013882844,104602,0.0466677
TOKENUSDT,SELL,LIMIT,1702013949090,8132,0.0466189
TOKENUSDT,SELL,LIMIT,1702013950903,212,0.0465368
TOKENUSDT,SELL,LIMIT,1702013952108,3822,0.0465305
TOKENUSDT,SELL,LIMIT,1702013975561,2363,0.0464932
TOKENUSDT,SELL,LIMIT,1702013992371,4094,0.0464649
TOKENUSDT,SELL,LIMIT,1702014160687,200,0.0463362
TOKENUSDT,SELL,LIMIT,1702017368326,498,0.0471502
TOKENUSDT,BUY,LIMIT,1702018233689,18854,0.0492800
TOKENUSDT,SELL,LIMIT,1702018651562,596,0.0476652
TOKENUSDT,SELL,LIMIT,1702019091125,2058,0.0476230
TOKENUSDT,SELL,LIMIT,1702019200295,4148,0.0473748
TOKENUSDT,SELL,LIMIT,1702020222914,2828,0.0473055
TOKENUSDT,SELL,LIMIT,1702020680105,3505,0.0470240
TOKENUSDT,SELL,LIMIT,1702020685088,12816,0.0469413
TOKENUSDT,SELL,LIMIT,1702020693201,124,0.0468985
TOKENUSDT,SELL,LIMIT,1702021916905,17387,0.0466883
TOKENUSDT,SELL,LIMIT,1702021918137,2798,0.0466678
TOKENUSDT,SELL,LIMIT,1702021930256,241,0.0466369
TOKENUSDT,SELL,LIMIT,1702021960533,311,0.0466008
TOKENUSDT,SELL,LIMIT,1702022550670,3583,0.0465623
TOKENUSDT,SELL,LIMIT,1702022576409,4262,0.0465607
TOKENUSDT,BUY,LIMIT,1702024478506,8629,0.0494358
TOKENUSDT,BUY,LIMIT,1702024539458,350,0.0495712
TOKENUSDT,SELL,LIMIT,1702025299116,15291,0.0484948
TOKENUSDT,BUY,LIMIT,1702027145170,21064,0.0501695
TOKENUSDT,BUY,LIMIT,1702027210382,4000,0.0502568
TOKENUSDT,SELL,LIMIT,1702029230300,976,0.0487796
TOKENUSDT,SELL,LIMIT,1702029242701,62421,0.0487377
TOKENUSDT,BUY,LIMIT,1702029442895,5096,0.0506896
TOKENUSDT,BUY,LIMIT,1702029447711,112,0.0508930
TOKENUSDT,BUY,LIMIT,1702029634794,158,0.0510469
TOKENUSDT,BUY,LIMIT,1702033525206,50357,0.0510491
TOKENUSDT,BUY,LIMIT,1702033714781,201,0.0512950
TOKENUSDT,SELL,LIMIT,1702037003790,13162,0.0493150
TOKENUSDT,SELL,LIMIT,1702037828305,4722,0.0492937
TOKENUSDT,SELL,LIMIT,1702040761072,4105,0.0483644
TOKENUSDT,SELL,LIMIT,1702040762332,1515,0.0483435
TOKENUSDT,BUY,LIMIT,1702041981081,13494,0.0500566
TOKENUSDT,SELL,LIMIT,1702042307040,3798,0.0481024
TOKENUSDT,SELL,LIMIT,1702043744343,212448,0.0478161
TOKENUSDT,SELL,LIMIT,1702043797835,3698,0.0479800
TOKENUSDT,SELL,LIMIT,1702043808270,3973,0.0478331
TOKENUSDT,SELL,LIMIT,1702043812167,8451,0.0477948
TOKENUSDT,SELL,LIMIT,1702044434373,4823,0.0474736
TOKENUSDT,SELL,LIMIT,1702044440762,7802,0.0474626
TOKENUSDT,SELL,LIMIT,1702044446295,179,0.0474505
TOKENUSDT,SELL,LIMIT,1702044660157,730,0.0472289
TOKENUSDT,SELL,LIMIT,1702044708864,3033,0.0471922
TOKENUSDT,SELL,LIMIT,1702045430365,2021,0.0470317
TOKENUSDT,SELL,LIMIT,1702045640326,1080,0.0467688
TOKENUSDT,SELL,LIMIT,1702047206514,129,0.0466972
TOKENUSDT,BUY,LIMIT,1702048686530,316,0.0485715
TOKENUSDT,BUY,LIMIT,1702049199898,633,0.0489574
TOKENUSDT,BUY,LIMIT,1702049475061,157,0.0492751
TOKENUSDT,SELL,LIMIT,1702049844316,10275,0.0476564
TOKENUSDT,SELL,LIMIT,1702049893315,13028,0.0475268
TOKENUSDT,SELL,LIMIT,1702050035363,4033,0.0474615
TOKENUSDT,SELL,LIMIT,1702050069654,2167,0.0473337
TOKENUSDT,SELL,LIMIT,1702050106755,20738,0.0472854
TOKENUSDT,SELL,LIMIT,1702050109049,4176,0.0472968
TOKENUSDT,SELL,LIMIT,1702050707442,19060,0.0472338
TOKENUSDT,SELL,LIMIT,1702050941533,5272,0.0469811
TOKENUSDT,SELL,LIMIT,1702050943020,125,0.0469507
TOKENUSDT,SELL,LIMIT,1702050985635,9103,0.0469285
TOKENUSDT,SELL,LIMIT,1702051753199,1059,0.0470007
TOKENUSDT,SELL,LIMIT,1702051816479,12333,0.0469583
TOKENUSDT,SELL,LIMIT,1702051922367,209,0.0467437
TOKENUSDT,BUY,LIMIT,1702052001996,35217,0.0484152
TOKENUSDT,BUY,LIMIT,1702052444800,208,0.0488467
TOKENUSDT,SELL,LIMIT,1702052852171,22079,0.0470019
TOKENUSDT,SELL,LIMIT,1702053035928,10364,0.0468191
TOKENUSDT,SELL,LIMIT,1702055329045,17114,0.0470523
TOKENUSDT,SELL,LIMIT,1702055348224,1121,0.0469714
TOKENUSDT,SELL,LIMIT,1702055465972,14583,0.0466816
TOKENUSDT,SELL,LIMIT,1702055472760,5556,0.0466721
TOKENUSDT,SELL,LIMIT,1702055516104,33896,0.0465861
TOKENUSDT,SELL,LIMIT,1702055519796,48035,0.0465303
TOKENUSDT,SELL,LIMIT,1702055617129,5902,0.0464654
TOKENUSDT,SELL,LIMIT,1702056006106,528,0.0464037
TOKENUSDT,SELL,LIMIT,1702056293914,274,0.0463435
TOKENUSDT,SELL,LIMIT,1702056309738,5128,0.0463277
TOKENUSDT,SELL,LIMIT,1702057385365,25000,0.0468103
TOKENUSDT,BUY,LIMIT,1702064282102,248,0.0499268
TOKENUSDT,BUY,LIMIT,1702064323387,104821,0.0505805
TOKENUSDT,BUY,LIMIT,1702064325164,1021,0.0505674
TOKENUSDT,BUY,LIMIT,1702064327830,531,0.0506197
TOKENUSDT,BUY,LIMIT,1702064351841,12549,0.0507053
TOKENUSDT,BUY,LIMIT,1702064496583,1000,0.0507929
TOKENUSDT,BUY,LIMIT,1702064522758,8056,0.0509101
TOKENUSDT,BUY,LIMIT,1702064599399,28526,0.0514571
TOKENUSDT,BUY,LIMIT,1702064601278,25834,0.0514908
TOKENUSDT,BUY,LIMIT,1702064622298,63299,0.0516607
TOKENUSDT,BUY,LIMIT,1702064658116,121,0.0518353
TOKENUSDT,BUY,LIMIT,1702064692067,61149,0.0519579
TOKENUSDT,BUY,LIMIT,1702064696851,1474,0.0520094
TOKENUSDT,BUY,LIMIT,1702064711507,2032,0.0521031
TOKENUSDT,BUY,LIMIT,1702064850209,46672,0.0523823
TOKENUSDT,BUY,LIMIT,1702064852004,32,0.0524372
TOKENUSDT,BUY,LIMIT,1702065010210,334665,0.0528366
TOKENUSDT,BUY,LIMIT,1702065013002,27020,0.0525272
TOKENUSDT,BUY,LIMIT,1702065039368,156,0.0525948
TOKENUSDT,BUY,LIMIT,1702065041059,267,0.0528235
TOKENUSDT,BUY,LIMIT,1702065042158,46134,0.0530266
TOKENUSDT,SELL,LIMIT,1702065308725,26873,0.0508137
TOKENUSDT,SELL,LIMIT,1702065413409,5258,0.0507745
TOKENUSDT,SELL,LIMIT,1702065470071,14002,0.0505582
TOKENUSDT,SELL,LIMIT,1702065476351,8190,0.0504833
TOKENUSDT,SELL,LIMIT,1702065480227,4581,0.0504333
TOKENUSDT,SELL,LIMIT,1702065606372,12939,0.0503046
TOKENUSDT,SELL,LIMIT,1702065607436,1271,0.0503229
TOKENUSDT,SELL,LIMIT,1702065623067,24999,0.0501268
TOKENUSDT,SELL,LIMIT,1702065761293,21034,0.0495569
TOKENUSDT,SELL,LIMIT,1702065831273,98417,0.0493731
TOKENUSDT,SELL,LIMIT,1702065844578,1821,0.0492893
TOKENUSDT,SELL,LIMIT,1702066858647,160,0.0491307
TOKENUSDT,SELL,LIMIT,1702066878544,10174,0.0491082
TOKENUSDT,SELL,LIMIT,1702066914977,34817,0.0490890
TOKENUSDT,SELL,LIMIT,1702066936201,17756,0.0490537
TOKENUSDT,SELL,LIMIT,1702066952276,115,0.0489866
TOKENUSDT,SELL,LIMIT,1702067087787,29187,0.0489835
TOKENUSDT,SELL,LIMIT,1702067136026,3871,0.0489453
TOKENUSDT,SELL,LIMIT,1702067252332,4326,0.0487527
TOKENUSDT,SELL,LIMIT,1702067298841,2658,0.0485905
TOKENUSDT,SELL,LIMIT,1702067663109,90877,0.0482126
TOKENUSDT,SELL,LIMIT,1702067981136,37905,0.0476684
TOKENUSDT,SELL,LIMIT,1702069195162,275,0.0479778
TOKENUSDT,SELL,LIMIT,1702069196625,12116,0.0478579
TOKENUSDT,BUY,LIMIT,1702070664230,100,0.0500517
TOKENUSDT,SELL,LIMIT,1702071694883,1143,0.0485631
TOKENUSDT,SELL,LIMIT,1702071959255,5394,0.0482830
TOKENUSDT,SELL,LIMIT,1702072035125,11643,0.0481519
TOKENUSDT,SELL,LIMIT,1702073706885,546,0.0479221
TOKENUSDT,SELL,LIMIT,1702077309195,9449,0.0477846
TOKENUSDT,SELL,LIMIT,1702077353371,918,0.0477603
TOKENUSDT,SELL,LIMIT,1702078515246,323,0.0478599
TOKENUSDT,BUY,LIMIT,1702078607479,2832,0.0493594
TOKENUSDT,SELL,LIMIT,1702083798954,1731,0.0479357
TOKENUSDT,SELL,LIMIT,1702083800148,11693,0.0477886
TOKENUSDT,SELL,LIMIT,1702083968614,646,0.0475663
TOKENUSDT,SELL,LIMIT,1702084011071,2000,0.0475276
TOKENUSDT,SELL,LIMIT,1702084088791,12511,0.0472718
TOKENUSDT,SELL,LIMIT,1702084865402,14359,0.0471146
TOKENUSDT,SELL,LIMIT,1702084924794,22451,0.0470957
TOKENUSDT,SELL,LIMIT,1702085208863,2896,0.0470715
TOKENUSDT,SELL,LIMIT,1702085234134,741,0.0469811
TOKENUSDT,SELL,LIMIT,1702085250142,11355,0.0469517
TOKENUSDT,SELL,LIMIT,1702087416655,3864,0.0475256
TOKENUSDT,SELL,LIMIT,1702089880060,2519,0.0468677
TOKENUSDT,SELL,LIMIT,1702089936889,1175,0.0468356
TOKENUSDT,SELL,LIMIT,1702089988103,81386,0.0467814
TOKENUSDT,SELL,LIMIT,1702090113091,958,0.0467758
TOKENUSDT,SELL,LIMIT,1702090883833,29320,0.0466187
TOKENUSDT,SELL,LIMIT,1702091011801,4219,0.0464616
TOKENUSDT,BUY,LIMIT,1702092448569,35593,0.0484053
TOKENUSDT,SELL,LIMIT,1702094599813,2459,0.0467663
TOKENUSDT,SELL,LIMIT,1702099148266,19499,0.0469125
TOKENUSDT,SELL,LIMIT,1702099240137,12685,0.0468733
TOKENUSDT,SELL,LIMIT,1702101789092,26260,0.0466607
TOKENUSDT,SELL,LIMIT,1702102311936,5213,0.0465865
TOKENUSDT,SELL,LIMIT,1702102585343,519,0.0464361
TOKENUSDT,SELL,LIMIT,1702102586454,4221,0.0464443
TOKENUSDT,SELL,LIMIT,1702102617029,233,0.0464328
TOKENUSDT,SELL,LIMIT,1702102655335,122549,0.0463257
TOKENUSDT,SELL,LIMIT,1702102663944,14904,0.0463736
TOKENUSDT,SELL,LIMIT,1702105274346,1031,0.0470931
TOKENUSDT,SELL,LIMIT,1702106183387,3131,0.0471026
TOKENUSDT,BUY,LIMIT,1702109771759,5715,0.0489331
TOKENUSDT,BUY,LIMIT,1702109779623,107,0.0489597
TOKENUSDT,SELL,LIMIT,1702110655655,199,0.0473088
TOKENUSDT,SELL,LIMIT,1702110822272,5158,0.0470497
TOKENUSDT,SELL,LIMIT,1702110931568,9267,0.0465610
TOKENUSDT,SELL,LIMIT,1702110940792,3110,0.0464543
TOKENUSDT,SELL,LIMIT,1702110970061,111,0.0464428
TOKENUSDT,SELL,LIMIT,1702110978273,4280,0.0463574
TOKENUSDT,SELL,LIMIT,1702110981022,11737,0.0463298
TOKENUSDT,SELL,LIMIT,1702110982122,17834,0.0462951
TOKENUSDT,SELL,LIMIT,1702110983789,13124,0.0462916
TOKENUSDT,SELL,LIMIT,1702110985084,36238,0.0461116
TOKENUSDT,SELL,LIMIT,1702110986155,946,0.0459291
TOKENUSDT,SELL,LIMIT,1702110990383,318,0.0458558
TOKENUSDT,SELL,LIMIT,1702111012097,6881,0.0458426
TOKENUSDT,SELL,LIMIT,1702111023582,10069,0.0458084
TOKENUSDT,SELL,LIMIT,1702111030110,96267,0.0457937
TOKENUSDT,SELL,LIMIT,1702111031255,2432,0.0457454
TOKENUSDT,SELL,LIMIT,1702111032707,34189,0.0456547
TOKENUSDT,SELL,LIMIT,1702111033757,307,0.0455405
TOKENUSDT,SELL,LIMIT,1702111035668,58154,0.0455189
TOKENUSDT,SELL,LIMIT,1702111044237,35691,0.0455071
TOKENUSDT,SELL,LIMIT,1702111046890,2524,0.0455195
TOKENUSDT,SELL,LIMIT,1702111050336,637,0.0454590
TOKENUSDT,SELL,LIMIT,1702111335066,78348,0.0454224
TOKENUSDT,SELL,LIMIT,1702111336290,473,0.0454388
TOKENUSDT,SELL,LIMIT,1702111338300,20737,0.0453828
TOKENUSDT,SELL,LIMIT,1702111339325,114950,0.0453795
TOKENUSDT,SELL,LIMIT,1702111341398,405,0.0453209
TOKENUSDT,SELL,LIMIT,1702111343079,10247,0.0452384
TOKENUSDT,SELL,LIMIT,1702111345342,129,0.0452029
TOKENUSDT,SELL,LIMIT,1702111346382,1387,0.0451709
TOKENUSDT,SELL,LIMIT,1702111350636,70408,0.0450121
TOKENUSDT,SELL,LIMIT,1702111369842,285028,0.0447421
TOKENUSDT,SELL,LIMIT,1702111375245,53037,0.0449933
TOKENUSDT,SELL,LIMIT,1702111377092,5178,0.0450054
TOKENUSDT,SELL,LIMIT,1702111379378,31465,0.0450021
TOKENUSDT,SELL,LIMIT,1702111382585,4361,0.0449423
TOKENUSDT,SELL,LIMIT,1702111384393,27324,0.0448806
TOKENUSDT,SELL,LIMIT,1702111385435,2548,0.0449089
TOKENUSDT,SELL,LIMIT,1702111386567,62500,0.0448131
TOKENUSDT,SELL,LIMIT,1702111387609,62102,0.0448078
TOKENUSDT,SELL,LIMIT,1702111389316,280000,0.0445174
TOKENUSDT,SELL,LIMIT,1702111390513,5565,0.0447290
TOKENUSDT,SELL,LIMIT,1702111392182,167,0.0447196
TOKENUSDT,SELL,LIMIT,1702111420866,1144,0.0446233
TOKENUSDT,SELL,LIMIT,1702111433180,4680,0.0445886
TOKENUSDT,SELL,LIMIT,1702111441999,47689,0.0445097
TOKENUSDT,BUY,LIMIT,1702111561449,1249,0.0463843
TOKENUSDT,BUY,LIMIT,1702112496067,885,0.0470793
TOKENUSDT,BUY,LIMIT,1702112539179,11520,0.0471877
TOKENUSDT,SELL,LIMIT,1702112878099,21620,0.0455668
TOKENUSDT,BUY,LIMIT,1702113470347,215,0.0473212
TOKENUSDT,SELL,LIMIT,1702114595052,1014,0.0456743
TOKENUSDT,SELL,LIMIT,1702114648232,81272,0.0456446
TOKENUSDT,SELL,LIMIT,1702114764590,3789,0.0452817
TOKENUSDT,SELL,LIMIT,1702114892817,24754,0.0452007
TOKENUSDT,SELL,LIMIT,1702115086149,1799,0.0450412
TOKENUSDT,SELL,LIMIT,1702115087383,108335,0.0447742
TOKENUSDT,SELL,LIMIT,1702115093330,26460,0.0447618
TOKENUSDT,SELL,LIMIT,1702115715019,4297,0.0452943
TOKENUSDT,BUY,LIMIT,1702116557861,217,0.0468480
TOKENUSDT,SELL,LIMIT,1702117423635,18782,0.0453482
TOKENUSDT,BUY,LIMIT,1702121889290,110,0.0470703
TOKENUSDT,BUY,LIMIT,1702122029296,71962,0.0471447
TOKENUSDT,SELL,LIMIT,1702124265146,5243,0.0454107
TOKENUSDT,SELL,LIMIT,1702124270601,18124,0.0453777
TOKENUSDT,SELL,LIMIT,1702124613376,9926,0.0451464
TOKENUSDT,SELL,LIMIT,1702124634111,6129,0.0450758
TOKENUSDT,SELL,LIMIT,1702124640289,3983,0.0450285
TOKENUSDT,BUY,LIMIT,1702125253712,246,0.0465911
TOKENUSDT,BUY,LIMIT,1702126234207,934,0.0468700
TOKENUSDT,SELL,LIMIT,1702127277109,3194,0.0453321
TOKENUSDT,BUY,LIMIT,1702127697552,2704,0.0468345
TOKENUSDT,SELL,LIMIT,1702128693329,3773,0.0452126
TOKENUSDT,BUY,LIMIT,1702129774706,1505,0.0469108
TOKENUSDT,BUY,LIMIT,1702129790289,1143,0.0469282
TOKENUSDT,SELL,LIMIT,1702131926621,1183,0.0458250
TOKENUSDT,SELL,LIMIT,1702132552935,284,0.0455322
TOKENUSDT,SELL,LIMIT,1702132562550,12333,0.0455134
TOKENUSDT,SELL,LIMIT,1702132813649,1528,0.0451623
TOKENUSDT,SELL,LIMIT,1702132825257,54300,0.0451286
TOKENUSDT,SELL,LIMIT,1702132831095,87410,0.0450900
TOKENUSDT,SELL,LIMIT,1702132868326,15373,0.0450186
TOKENUSDT,SELL,LIMIT,1702132886263,12476,0.0449913
TOKENUSDT,SELL,LIMIT,1702132920732,31558,0.0448923
TOKENUSDT,SELL,LIMIT,1702132923298,8723,0.0448667
TOKENUSDT,SELL,LIMIT,1702132958370,472,0.0448440
TOKENUSDT,SELL,LIMIT,1702132995027,1161,0.0447690
TOKENUSDT,SELL,LIMIT,1702133005106,1761,0.0471200
TOKENUSDT,SELL,LIMIT,1702133660683,14792,0.0446037
