Symbol,Side,Order Type,Time,Quantity,Price
TOKENUSDT,BUY,LIMIT,1701915609623,7234,0.0488945
TOKENUSDT,SELL,LIMIT,1701918615268,2392,0.0461758
TOKENUSDT,SELL,LIMIT,1701919639205,622,0.0459938
TOKENUSDT,SELL,LIMIT,1701921813374,396,0.0456588
TOKENUSDT,SELL,LIMIT,1701928111522,29022,0.0465226
TOKENUSDT,BUY,LIMIT,1701928291433,4188,0.0483057
TOKENUSDT,SELL,LIMIT,1701929070916,275,0.0466830
TOKENUSDT,SELL,LIMIT,1701929131998,628,0.0465559
TOKENUSDT,BUY,LIMIT,1701929942383,4799,0.0491976
TOKENUSDT,BUY,LIMIT,1701930037509,171,0.0495330
TOKENUSDT,BUY,LIMIT,1701930052531,3002,0.0496310
TOKENUSDT,BUY,LIMIT,1701930471238,108,0.0490083
TOKENUSDT,SELL,LIMIT,1701930545577,26867,0.0478453
TOKENUSDT,SELL,LIMIT,1701930618176,40252,0.0479613
TOKENUSDT,SELL,LIMIT,1701931165123,690,0.0473836
TOKENUSDT,SELL,LIMIT,1701931635298,8062,0.0469689
TOKENUSDT,BUY,LIMIT,1701933782673,236,0.0484609
TOKENUSDT,SELL,LIMIT,1701935822775,308,0.0467287
TOKENUSDT,SELL,LIMIT,1701936921589,5306,0.0460596
TOKENUSDT,SELL,LIMIT,1701936984499,5699,0.0459648
TOKENUSDT,SELL,LIMIT,1701937737412,36506,0.0455794
TOKENUSDT,SELL,LIMIT,1701939124022,9820,0.0451945
TOKENUSDT,SELL,LIMIT,1701939126435,731,0.0451697
TOKENUSDT,SELL,LIMIT,1701939334328,16633,0.0451085
TOKENUSDT,SELL,LIMIT,1701939366216,1077,0.0450264
TOKENUSDT,SELL,LIMIT,1701939367388,7994,0.0450042
TOKENUSDT,SELL,LIMIT,1701939409731,126,0.0448493
TOKENUSDT,SELL,LIMIT,1701940050915,419,0.0448113
TOKENUSDT,SELL,LIMIT,1701940475781,129,0.0446557
TOKENUSDT,SELL,LIMIT,1701940536557,4629,0.0446219
TOKENUSDT,SELL,LIMIT,1701940562202,151,0.0445421
TOKENUSDT,SELL,LIMIT,1701940572296,88894,0.0445066
TOKENUSDT,SELL,LIMIT,1701940573542,7533,0.0445025
TOKENUSDT,SELL,LIMIT,1701940986683,3683,0.0446368
TOKENUSDT,SELL,LIMIT,1701941098752,21621,0.0443632
TOKENUSDT,SELL,LIMIT,1701941100271,10728,0.0443503
TOKENUSDT,SELL,LIMIT,1701941101904,6364,0.0440854
TOKENUSDT,SELL,LIMIT,1701941153080,18420,0.0439469
TOKENUSDT,SELL,LIMIT,1701941154293,6364,0.0440451
TOKENUSDT,SELL,LIMIT,1701941158751,2204,0.0439375
TOKENUSDT,SELL,LIMIT,1701941160661,219,0.0439342
TOKENUSDT,SELL,LIMIT,1701941178239,700,0.0440850
TOKENUSDT,SELL,LIMIT,1701941180146,11343,0.0439736
TOKENUSDT,SELL,LIMIT,1701941181329,6310,0.0439705
TOKENUSDT,SELL,LIMIT,1701941187114,992,0.0439508
TOKENUSDT,SELL,LIMIT,1701941216174,2650,0.0438560
TOKENUSDT,SELL,LIMIT,1701941231936,21496,0.0438424
TOKENUSDT,SELL,LIMIT,1701941235093,6154,0.0438766
TOKENUSDT,SELL,LIMIT,1701941244434,15413,0.0437505
TOKENUSDT,SELL,LIMIT,1701941247114,19361,0.0437269
TOKENUSDT,BUY,LIMIT,1701941535678,360,0.0456312
TOKENUSDT,SELL,LIMIT,1701943354180,925,0.0449648
TOKENUSDT,SELL,LIMIT,1701943403509,1085,0.0448865
TOKENUSDT,BUY,LIMIT,1701948137487,809,0.0476368
TOKENUSDT,BUY,LIMIT,1701948142023,99094,0.0476723
TOKENUSDT,BUY,LIMIT,1701948221680,23732,0.0477612
TOKENUSDT,SELL,LIMIT,1701949316379,22217,0.0463244
TOKENUSDT,BUY,LIMIT,1701949590743,573,0.0482368
TOKENUSDT,BUY,LIMIT,1701949593121,4449,0.0483113
TOKENUSDT,BUY,LIMIT,1701950201050,59849,0.0486286
TOKENUSDT,BUY,LIMIT,1701950638850,1000,0.0484072
TOKENUSDT,SELL,LIMIT,1701950674123,6055,0.0469043
TOKENUSDT,BUY,LIMIT,1701951219372,98,0.0466381
TOKENUSDT,BUY,LIMIT,1701951224469,16211,0.0482499
TOKENUSDT,BUY,LIMIT,1701951370492,2539,0.0482615
TOKENUSDT,BUY,LIMIT,1701951389907,834,0.0483267
TOKENUSDT,BUY,LIMIT,1701952205334,11228,0.0485300
TOKENUSDT,BUY,LIMIT,1701952235257,12272,0.0485520
TOKENUSDT,BUY,LIMIT,1701952326695,8297,0.0488090
TOKENUSDT,BUY,LIMIT,1701953677969,1060,0.0490210
TOKENUSDT,BUY,LIMIT,1701953734248,3056,0.0491134
TOKENUSDT,BUY,LIMIT,1701953946842,50000,0.0489486
TOKENUSDT,SELL,LIMIT,1701954133469,516,0.0474223
TOKENUSDT,SELL,LIMIT,1701954170852,40435,0.0473242
TOKENUSDT,SELL,LIMIT,1701954337396,13630,0.0469248
TOKENUSDT,SELL,LIMIT,1701954416217,32443,0.0466675
TOKENUSDT,SELL,LIMIT,1701954637306,10093,0.0465401
TOKENUSDT,SELL,LIMIT,1701956038421,107,0.0465739
TOKENUSDT,SELL,LIMIT,1701956061951,104334,0.0464943
TOKENUSDT,SELL,LIMIT,1701956572392,9295,0.0466604
TOKENUSDT,SELL,LIMIT,1701956908304,66167,0.0461973
TOKENUSDT,SELL,LIMIT,1701957077593,5590,0.0459391
TOKENUSDT,BUY,LIMIT,1701959599444,2958,0.0489183
TOKENUSDT,BUY,LIMIT,1701960516175,4076,0.0495236
TOKENUSDT,BUY,LIMIT,1701960518010,8905,0.0495490
TOKENUSDT,BUY,LIMIT,1701960825453,10519,0.0498733
TOKENUSDT,BUY,LIMIT,1701960835629,260,0.0499457
TOKENUSDT,BUY,LIMIT,1701960886336,135466,0.0503380
TOKENUSDT,BUY,LIMIT,1701961096328,470,0.0504369
TOKENUSDT,BUY,LIMIT,1701961918117,4076,0.0506100
TOKENUSDT,BUY,LIMIT,1701961921162,29849,0.0508160
TOKENUSDT,BUY,LIMIT,1701961925148,46474,0.0508489
TOKENUSDT,SELL,LIMIT,1701962047275,28610,0.0490519
TOKENUSDT,SELL,LIMIT,1701962374335,5762,0.0486551
TOKENUSDT,BUY,LIMIT,1701962704552,4252,0.0505815
TOKENUSDT,SELL,LIMIT,1701962997203,7341,0.0487836
TOKENUSDT,SELL,LIMIT,1701964400385,33967,0.0491701
TOKENUSDT,BUY,LIMIT,1701964403493,5130,0.0503209
TOKENUSDT,SELL,LIMIT,1701964473715,104,0.0488113
TOKENUSDT,SELL,LIMIT,1701964841341,56800,0.0485011
TOKENUSDT,SELL,LIMIT,1701964871780,8955,0.0484108
TOKENUSDT,SELL,LIMIT,1701964873320,16951,0.0482715
TOKENUSDT,SELL,LIMIT,1701965452171,6054,0.0478535
TOKENUSDT,SELL,LIMIT,1701965465408,74090,0.0476913
TOKENUSDT,SELL,LIMIT,1701965466506,33773,0.0476567
TOKENUSDT,SELL,LIMIT,1701965468040,163,0.0476383
TOKENUSDT,SELL,LIMIT,1701965560000,3362,0.0475408
TOKENUSDT,SELL,LIMIT,1701965604633,41996,0.0474865
TOKENUSDT,SELL,LIMIT,1701965619325,4226,0.0472505
TOKENUSDT,SELL,LIMIT,1701965704340,5303,0.0470703
TOKENUSDT,SELL,LIMIT,1701965721402,201,0.0470000
TOKENUSDT,BUY,LIMIT,1701966404248,838,0.0487417
TOKENUSDT,SELL,LIMIT,1701968484875,6918,0.0473368
TOKENUSDT,SELL,LIMIT,1701968573142,1127,0.0467458
TOKENUSDT,SELL,LIMIT,1701968581949,15749,0.0466773
TOKENUSDT,SELL,LIMIT,1701968607149,365,0.0465911
TOKENUSDT,SELL,LIMIT,1701968608421,29341,0.0465834
TOKENUSDT,BUY,LIMIT,1701969649960,3512,0.0492886
TOKENUSDT,BUY,LIMIT,1701970288264,12173,0.0486706
TOKENUSDT,SELL,LIMIT,1701970938302,77790,0.0468067
TOKENUSDT,SELL,LIMIT,1701971014023,934,0.0466224
TOKENUSDT,SELL,LIMIT,1701971264255,2686,0.0464550
TOKENUSDT,SELL,LIMIT,1701971278108,165,0.0463915
TOKENUSDT,SELL,LIMIT,1701973531418,58815,0.0459016
TOKENUSDT,SELL,LIMIT,1701974044944,75464,0.0458307
TOKENUSDT,SELL,LIMIT,1701974098278,12985,0.0458123
TOKENUSDT,SELL,LIMIT,1701974100545,6056,0.0457667
TOKENUSDT,SELL,LIMIT,1701974154453,30628,0.0457232
TOKENUSDT,SELL,LIMIT,1701974315452,2026,0.0456319
TOKENUSDT,SELL,LIMIT,1701974318932,6957,0.0456046
TOKENUSDT,SELL,LIMIT,1701974334426,20000,0.0455902
TOKENUSDT,SELL,LIMIT,1701977188937,10183,0.0458893
TOKENUSDT,SELL,LIMIT,1701977298266,531555,0.0454881
TOKENUSDT,BUY,LIMIT,1701977738617,4324,0.0478840
TOKENUSDT,SELL,LIMIT,1701980303287,78,0.0456965
TOKENUSDT,SELL,LIMIT,1701981476904,6294,0.0454507
TOKENUSDT,BUY,LIMIT,1701982578973,5000,0.0475619
TOKENUSDT,SELL,LIMIT,1701985405963,2659,0.0465663
TOKENUSDT,SELL,LIMIT,1701986731448,371,0.0463373
TOKENUSDT,SELL,LIMIT,1701988308117,45039,0.0462683
TOKENUSDT,SELL,LIMIT,1701988427362,106968,0.0460395
TOKENUSDT,SELL,LIMIT,1701989294150,4704,0.0462371
TOKENUSDT,SELL,LIMIT,1701992624797,106705,0.0456000
TOKENUSDT,SELL,LIMIT,1701994148433,2047,0.0456273
TOKENUSDT,BUY,LIMIT,1701994779114,570,0.0475965
TOKENUSDT,SELL,LIMIT,1701995849518,22000,0.0463849
TOKENUSDT,SELL,LIMIT,1701996046753,10000,0.0460171
TOKENUSDT,SELL,LIMIT,1701996351649,18742,0.0457717
TOKENUSDT,SELL,LIMIT,1701996492553,4024,0.0455207
TOKENUSDT,SELL,LIMIT,1701996616172,13753,0.0453918
TOKENUSDT,SELL,LIMIT,1701996649069,20977,0.0453030
TOKENUSDT,SELL,LIMIT,1701996650414,2382,0.0452586
TOKENUSDT,SELL,LIMIT,1701996654036,112290,0.0451979
TOKENUSDT,SELL,LIMIT,1701996665341,6083,0.0451842
TOKENUSDT,SELL,LIMIT,1701996667369,7250,0.0451601
TOKENUSDT,SELL,LIMIT,1701997442669,1644,0.0452658
TOKENUSDT,SELL,LIMIT,1701997757234,961,0.0452367
TOKENUSDT,SELL,LIMIT,1701997876223,128,0.0451047
TOKENUSDT,BUY,LIMIT,1702001299595,3835,0.0492772
TOKENUSDT,SELL,LIMIT,1702001650149,3981,0.0474750
TOKENUSDT,BUY,LIMIT,1702003538443,2804,0.0490018
TOKENUSDT,SELL,LIMIT,1702005224215,159,0.0474248
TOKENUSDT,BUY,LIMIT,1702005325251,103,0.0489230
TOKENUSDT,BUY,LIMIT,1702006516134,32502,0.0499187
TOKENUSDT,SELL,LIMIT,1702009743454,14568,0.0478225
TOKENUSDT,SELL,LIMIT,1702009817098,4168,0.0477311
TOKENUSDT,SELL,LIMIT,1702010327917,63,0.0485663
TOKENUSDT,BUY,LIMIT,1702010676169,792,0.0503860
TOKENUSDT,BUY,LIMIT,1702010732482,4500,0.0505593
TOKENUSDT,BUY,LIMIT,1702010904214,2572,0.0507547
TOKENUSDT,BUY,LIMIT,1702010916411,1644,0.0510030
TOKENUSDT,BUY,LIMIT,1702010957762,6969,0.0510712
TOKENUSDT,BUY,LIMIT,1702010964947,2068,0.0511225
TOKENUSDT,BUY,LIMIT,1702010976375,2822,0.0512921
TOKENUSDT,BUY,LIMIT,1702011043603,247,0.0514575
TOKENUSDT,SELL,LIMIT,1702012086504,652,0.0491369
TOKENUSDT,SELL,LIMIT,1702012307816,2003,0.0488938
TOKENUSDT,SELL,LIMIT,1702012753357,1499,0.0487302
TOKENUSDT,SELL,LIMIT,1702012857326,356,0.0486235
TOKENUSDT,SELL,LIMIT,1702013000079,18221,0.0483733
TOKENUSDT,SELL,LIMIT,1702013008592,764,0.0483350
TOKENUSDT,SELL,LIMIT,1702013488308,3959,0.0480043
TOKENUSDT,SELL,LIMIT,1702013641317,10000,0.0478386
TOKENUSDT,SELL,LIMIT,1702013674303,109,0.0475354
TOKENUSDT,SELL,LIMIT,1702013730478,6190,0.0472417
TOKENUSDT,SELL,LIMIT,1702013740364,4185,0.0472251
TOKENUSDT,SELL,LIMIT,1702013750767,503,0.0471647
TOKENUSDT,SELL,LIMIT,1702013813108,45000,0.0470983
TOKENUSDT,SELL,LIMIT,1702013830649,65510,0.0469635
TOKENUSDT,SELL,LIMIT,1702013837899,15990,0.0468391
TOKENUSDT,SELL,LIMIT,1702013855161,6626,0.0468161
TOKENUSDT,SELL,LIMIT,1702013879082,216,0.0468061
TOKENUSDT,SELL,LIMIT,1702013880447,3787,0.0467149
TOKENUSDT,SELL,LIMIT,1702013882844,104602,0.0466677
TOKENUSDT,SELL,LIMIT,1702013949090,8132,0.0466189
TOKENUSDT,SELL,LIMIT,1702013950903,212,0.0465368
TOKENUSDT,SELL,LIMIT,1702013952108,3822,0.0465305
TOKENUSDT,SELL,LIMIT,1702013975561,2363,0.0464932
TOKENUSDT,SELL,LIMIT,1702013992371,4094,0.0464649
TOKENUSDT,SELL,LIMIT,1702014160687,200,0.0463362
TOKENUSDT,SELL,LIMIT,1702017368326,498,0.0471502
TOKENUSDT,BUY,LIMIT,1702018233689,18854,0.0492800
TOKENUSDT,SELL,LIMIT,1702018651562,596,0.0476652
TOKENUSDT,SELL,LIMIT,1702019091125,2058,0.0476230
TOKENUSDT,SELL,LIMIT,1702019200295,4148,0.0473748
TOKENUSDT,SELL,LIMIT,1702020222914,2828,0.0473055
TOKENUSDT,SELL,LIMIT,1702020680105,3505,0.0470240
TOKENUSDT,SELL,LIMIT,1702020685088,12816,0.0469413
TOKENUSDT,SELL,LIMIT,1702020693201,124,0.0468985
TOKENUSDT,SELL,LIMIT,1702021916905,17387,0.0466883
TOKENUSDT,SELL,LIMIT,1702021918137,2798,0.0466678
TOKENUSDT,SELL,LIMIT,1702021930256,241,0.0466369
TOKENUSDT,SELL,LIMIT,1702021960533,311,0.0466008
TOKENUSDT,SELL,LIMIT,1702022550670,3583,0.0465623
TOKENUSDT,SELL,LIMIT,1702022576409,4262,0.0465607
TOKENUSDT,BUY,LIMIT,1702024478506,8629,0.0494358
TOKENUSDT,BUY,LIMIT,1702024539458,350,0.0495712
TOKENUSDT,SELL,LIMIT,1702025299116,15291,0.0484948
TOKENUSDT,BUY,LIMIT,1702027145170,21064,0.0501695
TOKENUSDT,BUY,LIMIT,1702027210382,4000,0.0502568
TOKENUSDT,SELL,LIMIT,1702029230300,976,0.0487796
TOKENUSDT,SELL,LIMIT,1702029242701,62421,0.0487377
TOKENUSDT,BUY,LIMIT,1702029442895,5096,0.0506896
TOKENUSDT,BUY,LIMIT,1702029447711,112,0.0508930
TOKENUSDT,BUY,LIMIT,1702029634794,158,0.0510469
TOKENUSDT,BUY,LIMIT,1702033525206,50357,0.0510491
TOKENUSDT,BUY,LIMIT,1702033714781,201,0.0512950
TOKENUSDT,SELL,LIMIT,1702037003790,13162,0.0493150
TOKENUSDT,SELL,LIMIT,1702037828305,4722,0.0492937
TOKENUSDT,SELL,LIMIT,1702040761072,4105,0.0483644
TOKENUSDT,SELL,LIMIT,1702040762332,1515,0.0483435
TOKENUSDT,BUY,LIMIT,1702041981081,13494,0.0500566
TOKENUSDT,SELL,LIMIT,1702042307040,3798,0.0481024
TOKENUSDT,SELL,LIMIT,1702043744343,212448,0.0478161
TOKENUSDT,SELL,LIMIT,1702043797835,3698,0.0479800
TOKENUSDT,SELL,LIMIT,1702043808270,3973,0.0478331
TOKENUSDT,SELL,LIMIT,1702043812167,8451,0.0477948
TOKENUSDT,SELL,LIMIT,1702044434373,4823,0.0474736
TOKENUSDT,SELL,LIMIT,1702044440762,7802,0.0474626
TOKENUSDT,SELL,LIMIT,1702044446295,179,0.0474505
TOKENUSDT,SELL,LIMIT,1702044660157,730,0.0472289
TOKENUSDT,SELL,LIMIT,1702044708864,3033,0.0471922
TOKENUSDT,SELL,LIMIT,1702045430365,2021,0.0470317
TOKENUSDT,SELL,LIMIT,1702045640326,1080,0.0467688
TOKENUSDT,SELL,LIMIT,1702047206514,129,0.0466972
TOKENUSDT,BUY,LIMIT,1702048686530,316,0.0485715
TOKENUSDT,BUY,LIMIT,1702049199898,633,0.0489574
TOKENUSDT,BUY,LIMIT,1702049475061,157,0.0492751
TOKENUSDT,SELL,LIMIT,1702049844316,10275,0.0476564
TOKENUSDT,SELL,LIMIT,1702049893315,13028,0.0475268
TOKENUSDT,SELL,LIMIT,1702050035363,4033,0.0474615
TOKENUSDT,SELL,LIMIT,1702050069654,2167,0.0473337
TOKENUSDT,SELL,LIMIT,1702050106755,20738,0.0472854
TOKENUSDT,SELL,LIMIT,1702050109049,4176,0.0472968
TOKENUSDT,SELL,LIMIT,1702050707442,19060,0.0472338
TOKENUSDT,SELL,LIMIT,1702050941533,5272,0.0469811
TOKENUSDT,SELL,LIMIT,1702050943020,125,0.0469507
TOKENUSDT,SELL,LIMIT,1702050985635,9103,0.0469285
TOKENUSDT,SELL,LIMIT,1702051753199,1059,0.0470007
TOKENUSDT,SELL,LIMIT,1702051816479,12333,0.0469583
TOKENUSDT,SELL,LIMIT,1702051922367,209,0.0467437
TOKENUSDT,BUY,LIMIT,1702052001996,35217,0.0484152
TOKENUSDT,BUY,LIMIT,1702052444800,208,0.0488467
TOKENUSDT,SELL,LIMIT,1702052852171,22079,0.0470019
TOKENUSDT,SELL,LIMIT,1702053035928,10364,0.0468191
TOKENUSDT,SELL,LIMIT,1702055329045,17114,0.0470523
TOKENUSDT,SELL,LIMIT,1702055348224,1121,0.0469714
TOKENUSDT,SELL,LIMIT,1702055465972,14583,0.0466816
TOKENUSDT,SELL,LIMIT,1702055472760,5556,0.0466721
TOKENUSDT,SELL,LIMIT,1702055516104,33896,0.0465861
TOKENUSDT,SELL,LIMIT,1702055519796,48035,0.0465303
TOKENUSDT,SELL,LIMIT,1702055617129,5902,0.0464654
TOKENUSDT,SELL,LIMIT,1702056006106,528,0.0464037
TOKENUSDT,SELL,LIMIT,1702056293914,274,0.0463435
TOKENUSDT,SELL,LIMIT,1702056309738,5128,0.0463277
TOKENUSDT,SELL,LIMIT,1702057385365,25000,0.0468103
TOKENUSDT,BUY,LIMIT,1702064282102,248,0.0499268
TOKENUSDT,BUY,LIMIT,1702064323387,104821,0.0505805
TOKENUSDT,BUY,LIMIT,1702064325164,1021,0.0505674
TOKENUSDT,BUY,LIMIT,1702064327830,531,0.0506197
TOKENUSDT,BUY,LIMIT,1702064351841,12549,0.0507053
TOKENUSDT,BUY,LIMIT,1702064496583,1000,0.0507929
TOKENUSDT,BUY,LIMIT,1702064522758,8056,0.0509101
TOKENUSDT,BUY,LIMIT,1702064599399,28526,0.0514571
TOKENUSDT,BUY,LIMIT,1702064601278,25834,0.0514908
TOKENUSDT,BUY,LIMIT,1702064622298,63299,0.0516607
TOKENUSDT,BUY,LIMIT,1702064658116,121,0.0518353
TOKENUSDT,BUY,LIMIT,1702064692067,61149,0.0519579
TOKENUSDT,BUY,LIMIT,1702064696851,1474,0.0520094
TOKENUSDT,BUY,LIMIT,1702064711507,2032,0.0521031
TOKENUSDT,BUY,LIMIT,1702064850209,46672,0.0523823
TOKENUSDT,BUY,LIMIT,1702064852004,32,0.0524372
TOKENUSDT,BUY,LIMIT,1702065010210,334665,0.0528366
TOKENUSDT,BUY,LIMIT,1702065013002,27020,0.0525272
TOKENUSDT,BUY,LIMIT,1702065039368,156,0.0525948
TOKENUSDT,BUY,LIMIT,1702065041059,267,0.0528235
TOKENUSDT,BUY,LIMIT,1702065042158,46134,0.0530266
TOKENUSDT,SELL,LIMIT,1702065308725,26873,0.0508137
TOKENUSDT,SELL,LIMIT,1702065413409,5258,0.0507745
TOKENUSDT,SELL,LIMIT,1702065470071,14002,0.0505582
TOKENUSDT,SELL,LIMIT,1702065476351,8190,0.0504833
TOKENUSDT,SELL,LIMIT,1702065480227,4581,0.0504333
TOKENUSDT,SELL,LIMIT,1702065606372,12939,0.0503046
TOKENUSDT,SELL,LIMIT,1702065607436,1271,0.0503229
TOKENUSDT,SELL,LIMIT,1702065623067,24999,0.0501268
TOKENUSDT,SELL,LIMIT,1702065761293,21034,0.0495569
TOKENUSDT,SELL,LIMIT,1702065831273,98417,0.0493731
TOKENUSDT,SELL,LIMIT,1702065844578,1821,0.0492893
TOKENUSDT,SELL,LIMIT,1702066858647,160,0.0491307
TOKENUSDT,SELL,LIMIT,1702066878544,10174,0.0491082
TOKENUSDT,SELL,LIMIT,1702066914977,34817,0.0490890
TOKENUSDT,SELL,LIMIT,1702066936201,17756,0.0490537
TOKENUSDT,SELL,LIMIT,1702066952276,115,0.0489866
TOKENUSDT,SELL,LIMIT,1702067087787,29187,0.0489835
TOKENUSDT,SELL,LIMIT,1702067136026,3871,0.0489453
TOKENUSDT,SELL,LIMIT,1702067252332,4326,0.0487527
TOKENUSDT,SELL,LIMIT,1702067298841,2658,0.0485905
TOKENUSDT,SELL,LIMIT,1702067663109,90877,0.0482126
TOKENUSDT,SELL,LIMIT,1702067981136,37905,0.0476684
TOKENUSDT,SELL,LIMIT,1702069195162,275,0.0479778
TOKENUSDT,SELL,LIMIT,1702069196625,12116,0.0478579
TOKENUSDT,BUY,LIMIT,1702070664230,100,0.0500517
TOKENUSDT,SELL,LIMIT,1702071694883,1143,0.0485631
TOKENUSDT,SELL,LIMIT,1702071959255,5394,0.0482830
TOKENUSDT,SELL,LIMIT,1702072035125,11643,0.0481519
TOKENUSDT,SELL,LIMIT,1702073706885,546,0.0479221
TOKENUSDT,SELL,LIMIT,1702077309195,9449,0.0477846
TOKENUSDT,SELL,LIMIT,1702077353371,918,0.0477603
TOKENUSDT,SELL,LIMIT,1702078515246,323,0.0478599
TOKENUSDT,BUY,LIMIT,1702078607479,2832,0.0493594
TOKENUSDT,SELL,LIMIT,1702083798954,1731,0.0479357
TOKENUSDT,SELL,LIMIT,1702083800148,11693,0.0477886
TOKENUSDT,SELL,LIMIT,1702083968614,646,0.0475663
TOKENUSDT,SELL,LIMIT,1702084011071,2000,0.0475276
TOKENUSDT,SELL,LIMIT,1702084088791,12511,0.0472718
TOKENUSDT,SELL,LIMIT,1702084865402,14359,0.0471146
TOKENUSDT,SELL,LIMIT,1702084924794,22451,0.0470957
TOKENUSDT,SELL,LIMIT,1702085208863,2896,0.0470715
TOKENUSDT,SELL,LIMIT,1702085234134,741,0.0469811
TOKENUSDT,SELL,LIMIT,1702085250142,11355,0.0469517
TOKENUSDT,SELL,LIMIT,1702087416655,3864,0.0475256
TOKENUSDT,SELL,LIMIT,1702089880060,2519,0.0468677
TOKENUSDT,SELL,LIMIT,1702089936889,1175,0.0468356
TOKENUSDT,SELL,LIMIT,1702089988103,81386,0.0467814
TOKENUSDT,SELL,LIMIT,1702090113091,958,0.0467758
TOKENUSDT,SELL,LIMIT,1702090883833,29320,0.0466187
TOKENUSDT,SELL,LIMIT,1702091011801,4219,0.0464616
TOKENUSDT,BUY,LIMIT,1702092448569,35593,0.0484053
TOKENUSDT,SELL,LIMIT,1702094599813,2459,0.0467663
TOKENUSDT,SELL,LIMIT,1702099148266,19499,0.0469125
TOKENUSDT,SELL,LIMIT,1702099240137,12685,0.0468733
TOKENUSDT,SELL,LIMIT,1702101789092,26260,0.0466607
TOKENUSDT,SELL,LIMIT,1702102311936,5213,0.0465865
TOKENUSDT,SELL,LIMIT,1702102585343,519,0.0464361
TOKENUSDT,SELL,LIMIT,1702102586454,4221,0.0464443
TOKENUSDT,SELL,LIMIT,1702102617029,233,0.0464328
TOKENUSDT,SELL,LIMIT,1702102655335,122549,0.0463257
TOKENUSDT,SELL,LIMIT,1702102663944,14904,0.0463736
TOKENUSDT,SELL,LIMIT,1702105274346,1031,0.0470931
TOKENUSDT,SELL,LIMIT,1702106183387,3131,0.0471026
TOKENUSDT,BUY,LIMIT,1702109771759,5715,0.0489331
TOKENUSDT,BUY,LIMIT,1702109779623,107,0.0489597
TOKENUSDT,SELL,LIMIT,1702110655655,199,0.0473088
TOKENUSDT,SELL,LIMIT,1702110822272,5158,0.0470497
TOKENUSDT,SELL,LIMIT,1702110931568,9267,0.0465610
TOKENUSDT,SELL,LIMIT,1702110940792,3110,0.0464543
TOKENUSDT,SELL,LIMIT,1702110970061,111,0.0464428
TOKENUSDT,SELL,LIMIT,1702110978273,4280,0.0463574
TOKENUSDT,SELL,LIMIT,1702110981022,11737,0.0463298
TOKENUSDT,SELL,LIMIT,1702110982122,17834,0.0462951
TOKENUSDT,SELL,LIMIT,1702110983789,13124,0.0462916
TOKENUSDT,SELL,LIMIT,1702110985084,36238,0.0461116
TOKENUSDT,SELL,LIMIT,1702110986155,946,0.0459291
TOKENUSDT,SELL,LIMIT,1702110990383,318,0.0458558
TOKENUSDT,SELL,LIMIT,1702111012097,6881,0.0458426
TOKENUSDT,SELL,LIMIT,1702111023582,10069,0.0458084
TOKENUSDT,SELL,LIMIT,1702111030110,96267,0.0457937
TOKENUSDT,SELL,LIMIT,1702111031255,2432,0.0457454
TOKENUSDT,SELL,LIMIT,1702111032707,34189,0.0456547
TOKENUSDT,SELL,LIMIT,1702111033757,307,0.0455405
TOKENUSDT,SELL,LIMIT,1702111035668,58154,0.0455189
TOKENUSDT,SELL,LIMIT,1702111044237,35691,0.0455071
TOKENUSDT,SELL,LIMIT,1702111046890,2524,0.0455195
TOKENUSDT,SELL,LIMIT,1702111050336,637,0.0454590
TOKENUSDT,SELL,LIMIT,1702111335066,78348,0.0454224
TOKENUSDT,SELL,LIMIT,1702111336290,473,0.0454388
TOKENUSDT,SELL,LIMIT,1702111338300,20737,0.0453828
TOKENUSDT,SELL,LIMIT,1702111339325,114950,0.0453795
TOKENUSDT,SELL,LIMIT,1702111341398,405,0.0453209
TOKENUSDT,SELL,LIMIT,1702111343079,10247,0.0452384
TOKENUSDT,SELL,LIMIT,1702111345342,129,0.0452029
TOKENUSDT,SELL,LIMIT,1702111346382,1387,0.0451709
TOKENUSDT,SELL,LIMIT,1702111350636,70408,0.0450121
TOKENUSDT,SELL,LIMIT,1702111369842,285028,0.0447421
TOKENUSDT,SELL,LIMIT,1702111375245,53037,0.0449933
TOKENUSDT,SELL,LIMIT,1702111377092,5178,0.0450054
TOKENUSDT,SELL,LIMIT,1702111379378,31465,0.0450021
TOKENUSDT,SELL,LIMIT,1702111382585,4361,0.0449423
TOKENUSDT,SELL,LIMIT,1702111384393,27324,0.0448806
TOKENUSDT,SELL,LIMIT,1702111385435,2548,0.0449089
TOKENUSDT,SELL,LIMIT,1702111386567,62500,0.0448131
TOKENUSDT,SELL,LIMIT,1702111387609,62102,0.0448078
TOKENUSDT,SELL,LIMIT,1702111389316,280000,0.0445174
TOKENUSDT,SELL,LIMIT,1702111390513,5565,0.0447290
TOKENUSDT,SELL,LIMIT,1702111392182,167,0.0447196
TOKENUSDT,SELL,LIMIT,1702111420866,1144,0.0446233
TOKENUSDT,SELL,LIMIT,1702111433180,4680,0.0445886
TOKENUSDT,SELL,LIMIT,1702111441999,47689,0.0445097
TOKENUSDT,BUY,LIMIT,1702111561449,1249,0.0463843
TOKENUSDT,BUY,LIMIT,1702112496067,885,0.0470793
TOKENUSDT,BUY,LIMIT,1702112539179,11520,0.0471877
TOKENUSDT,SELL,LIMIT,1702112878099,21620,0.0455668
TOKENUSDT,BUY,LIMIT,1702113470347,215,0.0473212
TOKENUSDT,SELL,LIMIT,1702114595052,1014,0.0456743
TOKENUSDT,SELL,LIMIT,1702114648232,81272,0.0456446
TOKENUSDT,SELL,LIMIT,1702114764590,3789,0.0452817
TOKENUSDT,SELL,LIMIT,1702114892817,24754,0.0452007
TOKENUSDT,SELL,LIMIT,1702115086149,1799,0.0450412
TOKENUSDT,SELL,LIMIT,1702115087383,108335,0.0447742
TOKENUSDT,SELL,LIMIT,1702115093330,26460,0.0447618
TOKENUSDT,SELL,LIMIT,1702115715019,4297,0.0452943
TOKENUSDT,BUY,LIMIT,1702116557861,217,0.0468480
TOKENUSDT,SELL,LIMIT,1702117423635,18782,0.0453482
TOKENUSDT,BUY,LIMIT,1702121889290,110,0.0470703
TOKENUSDT,BUY,LIMIT,1702122029296,71962,0.0471447
TOKENUSDT,SELL,LIMIT,1702124265146,5243,0.0454107
TOKENUSDT,SELL,LIMIT,1702124270601,18124,0.0453777
TOKENUSDT,SELL,LIMIT,1702124613376,9926,0.0451464
TOKENUSDT,SELL,LIMIT,1702124634111,6129,0.0450758
TOKENUSDT,SELL,LIMIT,1702124640289,3983,0.0450285
TOKENUSDT,BUY,LIMIT,1702125253712,246,0.0465911
TOKENUSDT,BUY,LIMIT,1702126234207,934,0.0468700
TOKENUSDT,SELL,LIMIT,1702127277109,3194,0.0453321
TOKENUSDT,BUY,LIMIT,1702127697552,2704,0.0468345
TOKENUSDT,SELL,LIMIT,1702128693329,3773,0.0452126
TOKENUSDT,BUY,LIMIT,1702129774706,1505,0.0469108
TOKENUSDT,BUY,LIMIT,1702129790289,1143,0.0469282
TOKENUSDT,SELL,LIMIT,1702131926621,1183,0.0458250
TOKENUSDT,SELL,LIMIT,1702132552935,284,0.0455322
TOKENUSDT,SELL,LIMIT,1702132562550,12333,0.0455134
TOKENUSDT,SELL,LIMIT,1702132813649,1528,0.0451623
TOKENUSDT,SELL,LIMIT,1702132825257,54300,0.0451286
TOKENUSDT,SELL,LIMIT,1702132831095,87410,0.0450900
TOKENUSDT,SELL,LIMIT,1702132868326,15373,0.0450186
TOKENUSDT,SELL,LIMIT,1702132886263,12476,0.0449913
TOKENUSDT,SELL,LIMIT,1702132920732,31558,0.0448923
TOKENUSDT,SELL,LIMIT,1702132923298,8723,0.0448667
TOKENUSDT,SELL,LIMIT,1702132958370,472,0.0448440
TOKENUSDT,SELL,LIMIT,1702132995027,1161,0.0447690
TOKENUSDT,SELL,LIMIT,1702133005106,1761,0.0471200
TOKENUSDT,SELL,LIMIT,1702133660683,14792,0.0446037
TOKENUSDT,SELL,LIMIT,1702134504744,359,0.0445151
TOKENUSDT,SELL,LIMIT,1702134508545,3529,0.0444356
TOKENUSDT,SELL,LIMIT,1702134511009,17967,0.0443872
TOKENUSDT,SELL,LIMIT,1702134515099,17251,0.0443694
TOKENUSDT,BUY,LIMIT,1702135976130,1110,0.0460223
TOKENUSDT,BUY,LIMIT,1702135981155,22007,0.0460501
TOKENUSDT,BUY,LIMIT,1702137409782,1140,0.0464620
TOKENUSDT,SELL,LIMIT,1702138953956,8843,0.0445951
TOKENUSDT,SELL,LIMIT,1702139206244,5071,0.0444827
TOKENUSDT,SELL,LIMIT,1702139265327,5071,0.0444138
TOKENUSDT,SELL,LIMIT,1702139286202,10113,0.0444173
TOKENUSDT,SELL,LIMIT,1702139291848,1813,0.0444173
TOKENUSDT,SELL,LIMIT,1702139302768,11121,0.0443936
TOKENUSDT,BUY,LIMIT,1702139609242,11676,0.0458739
TOKENUSDT,BUY,LIMIT,1702139613544,1077,0.0460756
TOKENUSDT,SELL,LIMIT,1702141564518,4489,0.0445588
TOKENUSDT,SELL,LIMIT,1702141656130,47012,0.0443099
TOKENUSDT,SELL,LIMIT,1702141666940,10046,0.0442990
TOKENUSDT,SELL,LIMIT,1702141693610,5000,0.0442364
TOKENUSDT,SELL,LIMIT,1702141699224,182,0.0442413
TOKENUSDT,SELL,LIMIT,1702141707644,5944,0.0442171
TOKENUSDT,SELL,LIMIT,1702141742758,16435,0.0442037
TOKENUSDT,SELL,LIMIT,1702141744702,4323,0.0441895
TOKENUSDT,SELL,LIMIT,1702141760454,17294,0.0441720
TOKENUSDT,SELL,LIMIT,1702141761643,400000,0.0438439
TOKENUSDT,SELL,LIMIT,1702141770433,108,0.0441229
TOKENUSDT,SELL,LIMIT,1702141847638,10237,0.0440909
TOKENUSDT,SELL,LIMIT,1702141849149,1600,0.0440691
TOKENUSDT,SELL,LIMIT,1702142065576,1661,0.0440424
TOKENUSDT,SELL,LIMIT,1702142066853,100000,0.0440364
TOKENUSDT,SELL,LIMIT,1702142068115,660,0.0440037
TOKENUSDT,SELL,LIMIT,1702142069247,4300,0.0440259
TOKENUSDT,SELL,LIMIT,1702142071718,4080,0.0439865
TOKENUSDT,SELL,LIMIT,1702142074282,21090,0.0439464
TOKENUSDT,BUY,LIMIT,1702142356963,7932,0.0456528
TOKENUSDT,BUY,LIMIT,1702143175309,50177,0.0455889
TOKENUSDT,SELL,LIMIT,1702144033668,3984,0.0443275
TOKENUSDT,SELL,LIMIT,1702144185844,2393,0.0441783
TOKENUSDT,SELL,LIMIT,1702144796601,30382,0.0439128
TOKENUSDT,SELL,LIMIT,1702144837666,8471,0.0438889
TOKENUSDT,SELL,LIMIT,1702144841343,17245,0.0438759
TOKENUSDT,SELL,LIMIT,1702144880797,437445,0.0435221
TOKENUSDT,SELL,LIMIT,1702144901809,259,0.0438127
TOKENUSDT,SELL,LIMIT,1702144916162,12383,0.0437775
TOKENUSDT,SELL,LIMIT,1702144917442,11,0.0437794
TOKENUSDT,SELL,LIMIT,1702144924147,7835,0.0437658
TOKENUSDT,SELL,LIMIT,1702144945813,4305,0.0437373
TOKENUSDT,BUY,LIMIT,1702149301082,22766,0.0465909
TOKENUSDT,SELL,LIMIT,1702150687816,2157,0.0449842
TOKENUSDT,SELL,LIMIT,1702150688896,6367,0.0449308
TOKENUSDT,SELL,LIMIT,1702151940088,526,0.0448676
TOKENUSDT,BUY,LIMIT,1702152535289,43290,0.0464438
TOKENUSDT,SELL,LIMIT,1702153648393,43452,0.0450155
TOKENUSDT,SELL,LIMIT,1702153650129,105241,0.0448481
TOKENUSDT,SELL,LIMIT,1702153657133,2079,0.0447399
TOKENUSDT,SELL,LIMIT,1702153695145,1684,0.0447178
TOKENUSDT,SELL,LIMIT,1702153701438,2550,0.0447237
TOKENUSDT,SELL,LIMIT,1702153709330,4313,0.0447191
TOKENUSDT,SELL,LIMIT,1702154844522,1491,0.0449861
TOKENUSDT,SELL,LIMIT,1702156162200,1104,0.0446827
TOKENUSDT,SELL,LIMIT,1702156206824,2194,0.0446279
TOKENUSDT,SELL,LIMIT,1702156210447,109865,0.0446069
TOKENUSDT,SELL,LIMIT,1702156530357,440,0.0445208
TOKENUSDT,SELL,LIMIT,1702156573920,5000,0.0444228
TOKENUSDT,BUY,LIMIT,1702157254134,2023,0.0461052
TOKENUSDT,BUY,LIMIT,1702157882644,7285,0.0463371
TOKENUSDT,SELL,LIMIT,1702160573196,514,0.0448443
TOKENUSDT,SELL,LIMIT,1702161271363,6410,0.0450420
TOKENUSDT,SELL,LIMIT,1702161399487,4026,0.0447410
TOKENUSDT,SELL,LIMIT,1702162014639,5813,0.0445204
TOKENUSDT,SELL,LIMIT,1702162126905,2971,0.0444359
TOKENUSDT,SELL,LIMIT,1702162130888,960,0.0444697
TOKENUSDT,SELL,LIMIT,1702162178443,23474,0.0443612
TOKENUSDT,SELL,LIMIT,1702162189321,82448,0.0443542
TOKENUSDT,SELL,LIMIT,1702162415477,4568,0.0443789
TOKENUSDT,SELL,LIMIT,1702162507233,7411,0.0443393
TOKENUSDT,SELL,LIMIT,1702162508480,15339,0.0443052
TOKENUSDT,SELL,LIMIT,1702162527460,4290,0.0442864
TOKENUSDT,SELL,LIMIT,1702162627972,8084,0.0441717
TOKENUSDT,SELL,LIMIT,1702162681160,10448,0.0440830
TOKENUSDT,SELL,LIMIT,1702164179325,6442,0.0439939
TOKENUSDT,SELL,LIMIT,1702164204072,4038,0.0438771
TOKENUSDT,SELL,LIMIT,1702164249461,539,0.0438347
TOKENUSDT,SELL,LIMIT,1702164504872,434,0.0439979
TOKENUSDT,SELL,LIMIT,1702164529845,974,0.0440075
TOKENUSDT,SELL,LIMIT,1702164545235,838,0.0439108
TOKENUSDT,SELL,LIMIT,1702164572425,2188,0.0439206
TOKENUSDT,SELL,LIMIT,1702164576437,497,0.0439297
TOKENUSDT,SELL,LIMIT,1702164578162,32786,0.0447855
TOKENUSDT,SELL,LIMIT,1702164674161,20000,0.0438574
TOKENUSDT,SELL,LIMIT,1702164745046,1315,0.0439455
TOKENUSDT,SELL,LIMIT,1702164749237,109742,0.0437754
TOKENUSDT,SELL,LIMIT,1702164750499,7661,0.0437232
TOKENUSDT,SELL,LIMIT,1702164752589,15250,0.0437232
TOKENUSDT,SELL,LIMIT,1702164754360,146,0.0436911
TOKENUSDT,SELL,LIMIT,1702164756136,1704,0.0436319
TOKENUSDT,SELL,LIMIT,1702164757508,1651,0.0436497
TOKENUSDT,SELL,LIMIT,1702164759034,14939,0.0435590
TOKENUSDT,SELL,LIMIT,1702164767821,2094,0.0435557
TOKENUSDT,SELL,LIMIT,1702164775271,138,0.0438798
TOKENUSDT,SELL,LIMIT,1702164779810,7260,0.0435556
TOKENUSDT,SELL,LIMIT,1702164783512,27316,0.0435350
TOKENUSDT,SELL,LIMIT,1702164793174,3038,0.0435047
TOKENUSDT,SELL,LIMIT,1702164794292,2447,0.0434866
TOKENUSDT,SELL,LIMIT,1702164800549,139778,0.0433458
TOKENUSDT,SELL,LIMIT,1702164801554,131,0.0434373
TOKENUSDT,SELL,LIMIT,1702164802866,4467,0.0434299
TOKENUSDT,SELL,LIMIT,1702164805401,18163,0.0433768
TOKENUSDT,SELL,LIMIT,1702164806743,1509,0.0433760
TOKENUSDT,SELL,LIMIT,1702164808188,246,0.0433324
TOKENUSDT,SELL,LIMIT,1702164809200,23084,0.0433216
TOKENUSDT,SELL,LIMIT,1702164810226,200000,0.0431075
TOKENUSDT,SELL,LIMIT,1702164811286,33379,0.0432691
TOKENUSDT,SELL,LIMIT,1702164812325,80639,0.0432679
TOKENUSDT,SELL,LIMIT,1702164813439,60141,0.0432441
TOKENUSDT,SELL,LIMIT,1702164853271,756,0.0432362
TOKENUSDT,SELL,LIMIT,1702164854505,91121,0.0432135
TOKENUSDT,SELL,LIMIT,1702164856472,20974,0.0432016
TOKENUSDT,SELL,LIMIT,1702164859428,129,0.0431861
TOKENUSDT,SELL,LIMIT,1702164868546,22016,0.0431669
TOKENUSDT,BUY,LIMIT,1702167877080,7216,0.0450355
TOKENUSDT,BUY,LIMIT,1702169534698,22606,0.0451268
TOKENUSDT,BUY,LIMIT,1702171965253,134,0.0453538
TOKENUSDT,BUY,LIMIT,1702174924195,9047,0.0457459
TOKENUSDT,SELL,LIMIT,1702176605710,902,0.0442976
TOKENUSDT,SELL,LIMIT,1702181359265,2410,0.0440676
TOKENUSDT,SELL,LIMIT,1702181364123,25938,0.0440184
TOKENUSDT,BUY,LIMIT,1702183230375,250,0.0456445
TOKENUSDT,SELL,LIMIT,1702189992593,112359,0.0436190
TOKENUSDT,SELL,LIMIT,1702191925204,11388,0.0433973
TOKENUSDT,SELL,LIMIT,1702192675885,17463,0.0432906
TOKENUSDT,SELL,LIMIT,1702192710330,32071,0.0432760
TOKENUSDT,SELL,LIMIT,1702192716585,12160,0.0432406
TOKENUSDT,SELL,LIMIT,1702192737490,2695,0.0432174
TOKENUSDT,SELL,LIMIT,1702192750785,268,0.0432175
TOKENUSDT,SELL,LIMIT,1702192778181,20985,0.0431799
TOKENUSDT,SELL,LIMIT,1702192783434,62401,0.0431894
TOKENUSDT,SELL,LIMIT,1702192785102,3109,0.0431623
TOKENUSDT,SELL,LIMIT,1702192790468,656,0.0431540
TOKENUSDT,SELL,LIMIT,1702192829531,2033,0.0430851
TOKENUSDT,SELL,LIMIT,1702192836079,6042,0.0430491
TOKENUSDT,SELL,LIMIT,1702192845100,4840,0.0430320
TOKENUSDT,SELL,LIMIT,1702192860414,32637,0.0430117
TOKENUSDT,SELL,LIMIT,1702192863122,10829,0.0428970
TOKENUSDT,SELL,LIMIT,1702192864265,2132,0.0429792
TOKENUSDT,SELL,LIMIT,1702192873645,9245,0.0428301
TOKENUSDT,SELL,LIMIT,1702192878088,15732,0.0427663
TOKENUSDT,SELL,LIMIT,1702192883189,113,0.0427262
TOKENUSDT,SELL,LIMIT,1702192904283,6797,0.0426972
TOKENUSDT,SELL,LIMIT,1702192923116,6516,0.0426520
TOKENUSDT,SELL,LIMIT,1702193856226,37969,0.0425950
TOKENUSDT,SELL,LIMIT,1702193861611,25000,0.0425383
TOKENUSDT,SELL,LIMIT,1702193864502,1812,0.0425033
TOKENUSDT,SELL,LIMIT,1702193865556,423,0.0425238
TOKENUSDT,SELL,LIMIT,1702193925487,3849,0.0425862
TOKENUSDT,SELL,LIMIT,1702196658881,5871,0.0427282
TOKENUSDT,SELL,LIMIT,1702196660358,12685,0.0426879
TOKENUSDT,SELL,LIMIT,1702196683841,10000,0.0426341
TOKENUSDT,SELL,LIMIT,1702197075324,2000,0.0425137
TOKENUSDT,SELL,LIMIT,1702197084241,2062,0.0424501
TOKENUSDT,SELL,LIMIT,1702197085309,32667,0.0424926
TOKENUSDT,SELL,LIMIT,1702197087950,2793,0.0423570
TOKENUSDT,SELL,LIMIT,1702197090533,22684,0.0423223
TOKENUSDT,SELL,LIMIT,1702197093433,8406,0.0422972
TOKENUSDT,SELL,LIMIT,1702197094597,24631,0.0423040
TOKENUSDT,SELL,LIMIT,1702197132898,5454,0.0422567
TOKENUSDT,SELL,LIMIT,1702197475469,4394,0.0424369
TOKENUSDT,SELL,LIMIT,1702198187181,3121,0.0420354
TOKENUSDT,SELL,LIMIT,1702200182324,5027,0.0424107
TOKENUSDT,SELL,LIMIT,1702200289768,300,0.0423944
TOKENUSDT,SELL,LIMIT,1702200456632,7004,0.0420767
TOKENUSDT,SELL,LIMIT,1702200474391,10637,0.0420282
TOKENUSDT,SELL,LIMIT,1702200731295,1000,0.0420682
TOKENUSDT,SELL,LIMIT,1702200798844,7693,0.0420300
TOKENUSDT,SELL,LIMIT,1702200803083,115415,0.0420035
TOKENUSDT,SELL,LIMIT,1702200846657,157488,0.0418472
TOKENUSDT,SELL,LIMIT,1702200891125,47513,0.0418724
TOKENUSDT,SELL,LIMIT,1702201432478,925,0.0418257
TOKENUSDT,SELL,LIMIT,1702201434203,4479,0.0417806
TOKENUSDT,SELL,LIMIT,1702201435374,106020,0.0417758
TOKENUSDT,SELL,LIMIT,1702201437107,9440,0.0417649
TOKENUSDT,SELL,LIMIT,1702201439052,1046,0.0417397
TOKENUSDT,SELL,LIMIT,1702201441262,2086,0.0417088
TOKENUSDT,SELL,LIMIT,1702201472947,1572,0.0416717
TOKENUSDT,SELL,LIMIT,1702201474018,77672,0.0416201
TOKENUSDT,SELL,LIMIT,1702201475234,350000,0.0413025
TOKENUSDT,SELL,LIMIT,1702201477383,332,0.0415651
TOKENUSDT,SELL,LIMIT,1702201479032,98759,0.0415379
TOKENUSDT,SELL,LIMIT,1702201480153,8349,0.0414613
TOKENUSDT,SELL,LIMIT,1702201481277,5021,0.0414734
TOKENUSDT,SELL,LIMIT,1702201483591,130,0.0414197
TOKENUSDT,SELL,LIMIT,1702201487075,90134,0.0412962
TOKENUSDT,SELL,LIMIT,1702201488341,1068,0.0413967
TOKENUSDT,SELL,LIMIT,1702201489670,14281,0.0411324
TOKENUSDT,SELL,LIMIT,1702201490844,680,0.0410945
TOKENUSDT,SELL,LIMIT,1702202266210,79787,0.0413011
TOKENUSDT,SELL,LIMIT,1702202269443,2386,0.0412889
TOKENUSDT,SELL,LIMIT,1702202273223,104755,0.0413234
TOKENUSDT,SELL,LIMIT,1702202319111,5262,0.0412642
TOKENUSDT,SELL,LIMIT,1702202321112,109,0.0411829
TOKENUSDT,SELL,LIMIT,1702202324435,618,0.0411805
TOKENUSDT,SELL,LIMIT,1702202337934,19780,0.0411433
TOKENUSDT,SELL,LIMIT,1702202364437,32369,0.0411496
TOKENUSDT,SELL,LIMIT,1702202366573,1545,0.0411303
TOKENUSDT,SELL,LIMIT,1702202379255,7680,0.0411632
TOKENUSDT,SELL,LIMIT,1702202380762,52432,0.0411632
TOKENUSDT,SELL,LIMIT,1702202384757,158377,0.0410293
TOKENUSDT,SELL,LIMIT,1702202386354,1111,0.0410967
TOKENUSDT,SELL,LIMIT,1702202388067,2398,0.0410671
TOKENUSDT,SELL,LIMIT,1702202399119,1317,0.0410671
TOKENUSDT,SELL,LIMIT,1702202405361,32228,0.0410671
TOKENUSDT,SELL,LIMIT,1702202430418,103,0.0410344
TOKENUSDT,SELL,LIMIT,1702202432374,1316,0.0410197
TOKENUSDT,SELL,LIMIT,1702202439679,8303,0.0410010
TOKENUSDT,BUY,LIMIT,1702203156104,479,0.0430925
TOKENUSDT,BUY,LIMIT,1702203163774,118175,0.0431214
TOKENUSDT,BUY,LIMIT,1702205585377,592,0.0430636
TOKENUSDT,BUY,LIMIT,1702206348078,114198,0.0430075
TOKENUSDT,BUY,LIMIT,1702209113474,23281,0.0428897
TOKENUSDT,SELL,LIMIT,1702209294255,3303,0.0417345
TOKENUSDT,SELL,LIMIT,1702213479551,13450,0.0423864
TOKENUSDT,SELL,LIMIT,1702214642211,6106,0.0421486
TOKENUSDT,SELL,LIMIT,1702214850343,22454,0.0420801
TOKENUSDT,SELL,LIMIT,1702214868486,83795,0.0420716
TOKENUSDT,BUY,LIMIT,1702217529564,62754,0.0441773
TOKENUSDT,SELL,LIMIT,1702219095791,2695,0.0422535
TOKENUSDT,SELL,LIMIT,1702220737231,5501,0.0421004
TOKENUSDT,SELL,LIMIT,1702222497491,94667,0.0421119
TOKENUSDT,SELL,LIMIT,1702223474313,2654,0.0427034
TOKENUSDT,SELL,LIMIT,1702224189550,114544,0.0421698
TOKENUSDT,SELL,LIMIT,1702225775220,11679,0.0417675
TOKENUSDT,SELL,LIMIT,1702229162209,3555,0.0416889
TOKENUSDT,SELL,LIMIT,1702229373788,20914,0.0415955
TOKENUSDT,SELL,LIMIT,1702230259013,2357,0.0415491
TOKENUSDT,SELL,LIMIT,1702230260431,211,0.0415234
TOKENUSDT,SELL,LIMIT,1702230318324,15736,0.0414698
TOKENUSDT,SELL,LIMIT,1702230405686,1141,0.0414468
TOKENUSDT,BUY,LIMIT,1702230955227,64774,0.0429720
TOKENUSDT,BUY,LIMIT,1702232978788,116740,0.0436565
TOKENUSDT,BUY,LIMIT,1702232984591,51402,0.0436624
TOKENUSDT,SELL,LIMIT,1702238269769,29851,0.0425225
TOKENUSDT,BUY,LIMIT,1702240614462,5763,0.0441280
TOKENUSDT,BUY,LIMIT,1702240801735,232,0.0441426
TOKENUSDT,BUY,LIMIT,1702241473419,120,0.0442724
TOKENUSDT,BUY,LIMIT,1702241502594,13551,0.0443213
TOKENUSDT,BUY,LIMIT,1702241524371,13277,0.0443589
TOKENUSDT,SELL,LIMIT,1702243769244,2911,0.0426901
TOKENUSDT,SELL,LIMIT,1702250140281,735,0.0424832
TOKENUSDT,SELL,LIMIT,1702250308130,1035,0.0424335
TOKENUSDT,SELL,LIMIT,1702250316092,10589,0.0423902
TOKENUSDT,BUY,LIMIT,1702252861237,4061,0.0439261
TOKENUSDT,BUY,LIMIT,1702253097484,256,0.0439565
TOKENUSDT,SELL,LIMIT,1702254020129,23020,0.0425377
TOKENUSDT,SELL,LIMIT,1702256659101,20142,0.0420206
TOKENUSDT,SELL,LIMIT,1702256715160,186,0.0420509
TOKENUSDT,SELL,LIMIT,1702256883509,6910,0.0419478
TOKENUSDT,SELL,LIMIT,1702256948564,2171,0.0417642
TOKENUSDT,SELL,LIMIT,1702256971169,9013,0.0417050
TOKENUSDT,SELL,LIMIT,1702260423155,32283,0.0427195
TOKENUSDT,SELL,LIMIT,1702260442298,83026,0.0425708
TOKENUSDT,SELL,LIMIT,1702260443593,108716,0.0425838
TOKENUSDT,BUY,LIMIT,1702260628389,2365,0.0433404
TOKENUSDT,SELL,LIMIT,1702260630693,1552,0.0420497
TOKENUSDT,SELL,LIMIT,1702260637900,1907,0.0420497
TOKENUSDT,SELL,LIMIT,1702260668141,1313,0.0421581
TOKENUSDT,SELL,LIMIT,1702260699261,48045,0.0420300
TOKENUSDT,SELL,LIMIT,1702260708287,3038,0.0420517
TOKENUSDT,SELL,LIMIT,1702260710289,138,0.0420300
TOKENUSDT,SELL,LIMIT,1702260713611,54328,0.0420749
TOKENUSDT,SELL,LIMIT,1702260714986,111885,0.0420300
TOKENUSDT,SELL,LIMIT,1702260719438,8418,0.0420257
TOKENUSDT,SELL,LIMIT,1702260720544,11295,0.0420399
TOKENUSDT,SELL,LIMIT,1702260721640,8752,0.0420631
TOKENUSDT,SELL,LIMIT,1702260723008,1121,0.0421658
TOKENUSDT,SELL,LIMIT,1702260725792,1310,0.0419961
TOKENUSDT,SELL,LIMIT,1702260727649,115035,0.0421273
TOKENUSDT,SELL,LIMIT,1702260729163,8985,0.0419862
TOKENUSDT,SELL,LIMIT,1702260730224,20554,0.0419731
TOKENUSDT,SELL,LIMIT,1702260731356,1047,0.0419140
TOKENUSDT,SELL,LIMIT,1702260732398,3974,0.0419140
TOKENUSDT,SELL,LIMIT,1702260733888,1400,0.0419074
TOKENUSDT,SELL,LIMIT,1702260735339,565,0.0419074
TOKENUSDT,SELL,LIMIT,1702260736657,3891,0.0419009
TOKENUSDT,SELL,LIMIT,1702260740747,91499,0.0419009
TOKENUSDT,SELL,LIMIT,1702260742433,7725,0.0419009
TOKENUSDT,SELL,LIMIT,1702260744254,4099,0.0418451
TOKENUSDT,SELL,LIMIT,1702260746390,243527,0.0415638
TOKENUSDT,SELL,LIMIT,1702260748439,100329,0.0419016
TOKENUSDT,SELL,LIMIT,1702260749736,144483,0.0417940
TOKENUSDT,SELL,LIMIT,1702260751517,209,0.0417498
TOKENUSDT,SELL,LIMIT,1702260752823,409,0.0417170
TOKENUSDT,SELL,LIMIT,1702260754818,45142,0.0416907
TOKENUSDT,SELL,LIMIT,1702260756404,4319,0.0416349
TOKENUSDT,SELL,LIMIT,1702260757437,3460,0.0416349
TOKENUSDT,SELL,LIMIT,1702260758452,262174,0.0414029
TOKENUSDT,SELL,LIMIT,1702260759631,6879,0.0417551
TOKENUSDT,SELL,LIMIT,1702260760593,2258,0.0416234
TOKENUSDT,SELL,LIMIT,1702260762447,584759,0.0417220
TOKENUSDT,SELL,LIMIT,1702260763457,110193,0.0415692
TOKENUSDT,SELL,LIMIT,1702260764638,103681,0.0415187
TOKENUSDT,SELL,LIMIT,1702260765703,16129,0.0414674
TOKENUSDT,SELL,LIMIT,1702260766694,1182,0.0414970
TOKENUSDT,SELL,LIMIT,1702260767888,2000,0.0510379
TOKENUSDT,SELL,LIMIT,1702260769051,5886,0.0414346
TOKENUSDT,SELL,LIMIT,1702260770243,153618,0.0413492
TOKENUSDT,SELL,LIMIT,1702260771511,11800,0.0413689
TOKENUSDT,SELL,LIMIT,1702260772543,45873,0.0417670
TOKENUSDT,SELL,LIMIT,1702260773610,3550,0.0413588
TOKENUSDT,SELL,LIMIT,1702260774723,2357,0.0412865
TOKENUSDT,SELL,LIMIT,1702260775807,16283,0.0412865
TOKENUSDT,SELL,LIMIT,1702260777336,1722,0.0411913
TOKENUSDT,SELL,LIMIT,1702260778386,879,0.0412534
TOKENUSDT,SELL,LIMIT,1702260779442,9656,0.0421908
TOKENUSDT,SELL,LIMIT,1702260780529,1165,0.0414443
TOKENUSDT,SELL,LIMIT,1702260781579,3056,0.0410705
TOKENUSDT,SELL,LIMIT,1702260782656,37701,0.0410653
TOKENUSDT,SELL,LIMIT,1702260783795,2285,0.0410719
TOKENUSDT,SELL,LIMIT,1702260784837,3458,0.0421645
TOKENUSDT,SELL,LIMIT,1702260785892,297,0.0409467
TOKENUSDT,SELL,LIMIT,1702260786901,110624,0.0407924
TOKENUSDT,SELL,LIMIT,1702260787925,38674,0.0403099
TOKENUSDT,SELL,LIMIT,1702260788936,10828,0.0397745
TOKENUSDT,SELL,LIMIT,1702260789962,3076,0.0397557
TOKENUSDT,SELL,LIMIT,1702260791073,1223,0.0397357
TOKENUSDT,SELL,LIMIT,1702260792079,1834,0.0397357
TOKENUSDT,SELL,LIMIT,1702260793247,9220,0.0397029
TOKENUSDT,SELL,LIMIT,1702260794366,19756,0.0396877
TOKENUSDT,SELL,LIMIT,1702260795420,1101,0.0395901
TOKENUSDT,SELL,LIMIT,1702260796445,13604,0.0395844
TOKENUSDT,SELL,LIMIT,1702260797486,745,0.0395089
TOKENUSDT,SELL,LIMIT,1702260798816,35224,0.0395614
TOKENUSDT,SELL,LIMIT,1702260799999,30428,0.0395614
TOKENUSDT,SELL,LIMIT,1702260801279,301,0.0394306
TOKENUSDT,SELL,LIMIT,1702260802303,723,0.0394967
TOKENUSDT,SELL,LIMIT,1702260803776,1078,0.0395478
TOKENUSDT,SELL,LIMIT,1702260804859,1936,0.0401009
TOKENUSDT,SELL,LIMIT,1702260806353,91530,0.0393037
TOKENUSDT,SELL,LIMIT,1702260807414,1000,0.0392676
TOKENUSDT,SELL,LIMIT,1702260808416,5384,0.0392676
TOKENUSDT,SELL,LIMIT,1702260810245,155975,0.0392863
TOKENUSDT,SELL,LIMIT,1702260811276,4838,0.0391383
TOKENUSDT,SELL,LIMIT,1702260812410,26562,0.0391010
TOKENUSDT,SELL,LIMIT,1702260813457,1628,0.0391322
TOKENUSDT,SELL,LIMIT,1702260814625,2429,0.0390686
TOKENUSDT,SELL,LIMIT,1702260818329,75000,0.0390590
TOKENUSDT,SELL,LIMIT,1702260821130,2000,0.0397453
TOKENUSDT,SELL,LIMIT,1702260822174,749,0.0393238
TOKENUSDT,SELL,LIMIT,1702260824150,2880,0.0389028
TOKENUSDT,SELL,LIMIT,1702260825157,694,0.0389596
TOKENUSDT,SELL,LIMIT,1702260826482,30052,0.0387994
TOKENUSDT,SELL,LIMIT,1702260828188,200000,0.0386672
TOKENUSDT,SELL,LIMIT,1702260833095,12918,0.0386019
TOKENUSDT,SELL,LIMIT,1702260834183,3165,0.0385600
TOKENUSDT,SELL,LIMIT,1702260835345,31698,0.0385233
TOKENUSDT,SELL,LIMIT,1702260836386,36561,0.0384210
TOKENUSDT,SELL,LIMIT,1702260839162,5854,0.0382339
TOKENUSDT,SELL,LIMIT,1702260841674,17670,0.0382639
TOKENUSDT,SELL,LIMIT,1702260842780,7698,0.0381186
TOKENUSDT,SELL,LIMIT,1702260844274,22157,0.0381122
TOKENUSDT,SELL,LIMIT,1702260986932,30948,0.0385202
TOKENUSDT,SELL,LIMIT,1702261026494,12023,0.0381038
TOKENUSDT,BUY,LIMIT,1702261130938,1761,0.0402787
TOKENUSDT,BUY,LIMIT,1702261427118,1145,0.0406684
TOKENUSDT,BUY,LIMIT,1702261826374,18816,0.0406728
TOKENUSDT,SELL,LIMIT,1702262216556,125219,0.0391395
TOKENUSDT,SELL,LIMIT,1702262232129,14973,0.0391250
TOKENUSDT,SELL,LIMIT,1702262246244,5198,0.0390573
TOKENUSDT,SELL,LIMIT,1702262533468,514,0.0386417
TOKENUSDT,SELL,LIMIT,1702262612267,7378,0.0383349
TOKENUSDT,SELL,LIMIT,1702262658912,96962,0.0380556
TOKENUSDT,BUY,LIMIT,1702262968681,3202,0.0395428
TOKENUSDT,SELL,LIMIT,1702263863956,50000,0.0382432
TOKENUSDT,SELL,LIMIT,1702264916070,1219,0.0385314
TOKENUSDT,SELL,LIMIT,1702265001617,22142,0.0383499
TOKENUSDT,BUY,LIMIT,1702265178923,72343,0.0398324
TOKENUSDT,BUY,LIMIT,1702267716867,715,0.0407775
TOKENUSDT,BUY,LIMIT,1702268234733,50083,0.0409876
