Symbol,Side,Order Type,Time,Quantity,Price
TOKENUSDT,SELL,LIMIT,1700990927148,220,0.0271667
TOKENUSDT,SELL,LIMIT,1700990953057,16128,0.0271527
TOKENUSDT,SELL,LIMIT,1700991007651,2105,0.0270919
TOKENUSDT,SELL,LIMIT,1700991013110,31377,0.0270735
TOKENUSDT,SELL,LIMIT,1700991069492,4706,0.0269536
TOKENUSDT,SELL,LIMIT,1700991091261,10000,0.0268869
TOKENUSDT,SELL,LIMIT,1700991099491,11743,0.0268781
TOKENUSDT,BUY,LIMIT,1700992660292,29250,0.0280012
TOKENUSDT,SELL,LIMIT,1701000672099,73479,0.0270546
TOKENUSDT,BUY,LIMIT,1701002774633,5785,0.0281974
TOKENUSDT,SELL,LIMIT,1701008429301,6999,0.0269753
TOKENUSDT,SELL,LIMIT,1701008449450,7189,0.0268374
TOKENUSDT,SELL,LIMIT,1701008476564,17223,0.0267206
TOKENUSDT,SELL,LIMIT,1701008495723,27282,0.0266033
TOKENUSDT,SELL,LIMIT,1701008499187,225,0.0265275
TOKENUSDT,SELL,LIMIT,1701008500389,578,0.0265069
TOKENUSDT,SELL,LIMIT,1701008506856,36926,0.0265024
TOKENUSDT,SELL,LIMIT,1701008509030,73,0.0264943
TOKENUSDT,SELL,LIMIT,1701009013511,6422,0.0266718
TOKENUSDT,SELL,LIMIT,1701010398754,165009,0.0267381
TOKENUSDT,SELL,LIMIT,1701010403635,21596,0.0266506
TOKENUSDT,SELL,LIMIT,1701010404703,17196,0.0265382
TOKENUSDT,SELL,LIMIT,1701010441085,11951,0.0264653
TOKENUSDT,SELL,LIMIT,1701010579739,84469,0.0264111
TOKENUSDT,SELL,LIMIT,1701010587409,107298,0.0263218
TOKENUSDT,SELL,LIMIT,1701010608597,1117,0.0262755
TOKENUSDT,SELL,LIMIT,1701010630231,14519,0.0261953
TOKENUSDT,SELL,LIMIT,1701013057803,4186,0.0265113
TOKENUSDT,SELL,LIMIT,1701013952093,43191,0.0262597
TOKENUSDT,SELL,LIMIT,1701013999194,1413,0.0261962
TOKENUSDT,SELL,LIMIT,1701014009887,344,0.0261656
TOKENUSDT,SELL,LIMIT,1701014011158,132495,0.0260591
TOKENUSDT,SELL,LIMIT,1701014012284,80239,0.0260163
TOKENUSDT,SELL,LIMIT,1701014013395,5715,0.0259303
TOKENUSDT,SELL,LIMIT,1701014038774,1000,0.0258737
TOKENUSDT,SELL,LIMIT,1701014921311,184,0.0263468
TOKENUSDT,SELL,LIMIT,1701015634630,49850,0.0261260
TOKENUSDT,SELL,LIMIT,1701015644388,3471,0.0260656
TOKENUSDT,SELL,LIMIT,1701015668348,1177,0.0260262
TOKENUSDT,SELL,LIMIT,1701015685459,360,0.0259424
TOKENUSDT,SELL,LIMIT,1701015736329,25704,0.0259065
TOKENUSDT,SELL,LIMIT,1701015747359,157876,0.0257859
TOKENUSDT,SELL,LIMIT,1701015749634,222562,0.0257146
TOKENUSDT,SELL,LIMIT,1701015753840,5568,0.0257492
TOKENUSDT,SELL,LIMIT,1701015757677,14709,0.0257186
TOKENUSDT,SELL,LIMIT,1701015759730,35575,0.0257108
TOKENUSDT,SELL,LIMIT,1701015873256,13333,0.0257699
TOKENUSDT,SELL,LIMIT,1701015903307,1629,0.0257994
TOKENUSDT,SELL,LIMIT,1701016016785,3000,0.0257123
TOKENUSDT,SELL,LIMIT,1701016023136,7155,0.0256933
TOKENUSDT,SELL,LIMIT,1701016024173,13726,0.0256955
TOKENUSDT,SELL,LIMIT,1701016027095,57208,0.0256733
TOKENUSDT,SELL,LIMIT,1701016030427,143622,0.0255932
TOKENUSDT,SELL,LIMIT,1701016031421,151,0.0256067
TOKENUSDT,SELL,LIMIT,1701016032472,186929,0.0255736
TOKENUSDT,SELL,LIMIT,1701016034512,189,0.0255087
TOKENUSDT,SELL,LIMIT,1701016035924,11264,0.0254776
TOKENUSDT,SELL,LIMIT,1701016041145,101768,0.0254275
TOKENUSDT,SELL,LIMIT,1701016044509,321,0.0254018
TOKENUSDT,SELL,LIMIT,1701016046958,147307,0.0253904
TOKENUSDT,SELL,LIMIT,1701016048806,29408,0.0254036
TOKENUSDT,SELL,LIMIT,1701016089190,112605,0.0253733
TOKENUSDT,SELL,LIMIT,1701016091641,68677,0.0253374
TOKENUSDT,SELL,LIMIT,1701016093082,10736,0.0253220
TOKENUSDT,SELL,LIMIT,1701016095202,4228,0.0252784
TOKENUSDT,SELL,LIMIT,1701016103685,3599,0.0252528
TOKENUSDT,BUY,LIMIT,1701016936297,24496,0.0265085
TOKENUSDT,BUY,LIMIT,1701019888928,4697,0.0268048
TOKENUSDT,BUY,LIMIT,1701021390812,3968,0.0270893
TOKENUSDT,SELL,LIMIT,1701023184097,240,0.0260794
TOKENUSDT,SELL,LIMIT,1701023185241,229,0.0260544
TOKENUSDT,SELL,LIMIT,1701023901493,92354,0.0260245
TOKENUSDT,SELL,LIMIT,1701024502572,44690,0.0259624
TOKENUSDT,SELL,LIMIT,1701025022768,77497,0.0257034
TOKENUSDT,SELL,LIMIT,1701025024737,187946,0.0257025
TOKENUSDT,BUY,LIMIT,1701031635590,24614,0.0270817
TOKENUSDT,BUY,LIMIT,1701036271242,8472,0.0272001
TOKENUSDT,SELL,LIMIT,1701048127430,10893,0.0259124
TOKENUSDT,SELL,LIMIT,1701048922235,43623,0.0257054
TOKENUSDT,SELL,LIMIT,1701048927788,8936,0.0256055
TOKENUSDT,SELL,LIMIT,1701051810839,7254,0.0259745
TOKENUSDT,SELL,LIMIT,1701052968530,2909,0.0258281
TOKENUSDT,SELL,LIMIT,1701054440814,15000,0.0257279
TOKENUSDT,BUY,LIMIT,1701055038747,18018,0.0265346
TOKENUSDT,SELL,LIMIT,1701055757508,53419,0.0255696
TOKENUSDT,SELL,LIMIT,1701055911130,99260,0.0254849
TOKENUSDT,SELL,LIMIT,1701055912455,4000,0.0254889
TOKENUSDT,SELL,LIMIT,1701055952057,247797,0.0253537
TOKENUSDT,SELL,LIMIT,1701055953959,7493,0.0253692
TOKENUSDT,SELL,LIMIT,1701056143542,8021,0.0253057
TOKENUSDT,SELL,LIMIT,1701056155120,2200,0.0252813
TOKENUSDT,SELL,LIMIT,1701063387643,3396,0.0257583
TOKENUSDT,SELL,LIMIT,1701063705359,12423,0.0256324
