Symbol,Side,Order Type,Time,Quantity,Price
TRBUSDT,BUY,LIMIT,1701916113316,0.5,75.964
TRBUSDT,SELL,LIMIT,1701918369668,0.5,75.166
TRBUSDT,SELL,LIMIT,1701918617154,0.7,73.365
TRBUSDT,BUY,LIMIT,1701919095689,14.3,75.805
TRBUSDT,BUY,LIMIT,1701922109458,2.7,76.378
TRBUSDT,BUY,LIMIT,1701923261129,5.4,76.437
TRBUSDT,BUY,LIMIT,1701924279012,5.2,76.720
TRBUSDT,BUY,LIMIT,1701926634752,1.6,76.776
TRBUSDT,BUY,LIMIT,1701926714030,13.2,76.791
TRBUSDT,BUY,LIMIT,1701926977873,0.4,76.923
TRBUSDT,BUY,LIMIT,1701927141117,0.1,76.929
TRBUSDT,BUY,LIMIT,1701928409218,6.4,76.967
TRBUSDT,BUY,LIMIT,1701931041789,0.3,76.698
TRBUSDT,BUY,LIMIT,1701932071816,4.5,76.944
TRBUSDT,BUY,LIMIT,1701936264935,3.1,77.194
TRBUSDT,BUY,LIMIT,1701936328497,2.8,77.353
TRBUSDT,BUY,LIMIT,1701937064311,0.2,77.458
TRBUSDT,SELL,LIMIT,1701937342453,0.5,75.407
TRBUSDT,SELL,LIMIT,1701937369208,17.8,74.978
TRBUSDT,BUY,LIMIT,1701938256101,0.6,77.715
TRBUSDT,BUY,LIMIT,1701938263235,3.2,77.791
TRBUSDT,BUY,LIMIT,1701938267920,3.2,77.821
TRBUSDT,BUY,LIMIT,1701938313534,11.3,77.927
TRBUSDT,BUY,LIMIT,1701938318313,6.8,78.001
TRBUSDT,BUY,LIMIT,1701938333949,1.9,78.057
TRBUSDT,BUY,LIMIT,1701938342224,3.5,78.104
TRBUSDT,BUY,LIMIT,1701938380145,8.1,78.105
TRBUSDT,BUY,LIMIT,1701938424816,1.0,78.207
TRBUSDT,BUY,LIMIT,1701938430866,4.4,78.475
TRBUSDT,BUY,LIMIT,1701938434025,1.1,78.686
TRBUSDT,BUY,LIMIT,1701938436638,31.8,78.758
TRBUSDT,BUY,LIMIT,1701938439546,1.0,78.834
TRBUSDT,BUY,LIMIT,1701938442769,5.2,78.865
TRBUSDT,SELL,LIMIT,1701938808107,6.4,76.165
TRBUSDT,SELL,LIMIT,1701938824187,1.2,75.998
TRBUSDT,SELL,LIMIT,1701938860668,6.4,75.787
TRBUSDT,SELL,LIMIT,1701939081343,2.4,75.403
TRBUSDT,SELL,LIMIT,1701939370917,4.2,75.446
TRBUSDT,BUY,LIMIT,1701939869742,11.3,78.220
TRBUSDT,SELL,LIMIT,1701939951343,0.4,76.072
TRBUSDT,SELL,LIMIT,1701940407198,1.2,76.081
TRBUSDT,SELL,LIMIT,1701940568358,7.1,75.639
TRBUSDT,SELL,LIMIT,1701940773787,25.8,75.524
TRBUSDT,SELL,LIMIT,1701940776506,0.7,75.391
TRBUSDT,SELL,LIMIT,1701940790373,6.5,75.078
TRBUSDT,SELL,LIMIT,1701941039720,49.4,74.985
TRBUSDT,SELL,LIMIT,1701941045844,0.9,74.861
TRBUSDT,SELL,LIMIT,1701941093444,14.3,74.388
TRBUSDT,SELL,LIMIT,1701941158751,1.2,74.496
TRBUSDT,SELL,LIMIT,1701941160116,4.9,74.462
TRBUSDT,SELL,LIMIT,1701941164439,21.1,74.417
TRBUSDT,SELL,LIMIT,1701941166171,34.5,74.318
TRBUSDT,SELL,LIMIT,1701941174860,31.6,74.293
TRBUSDT,SELL,LIMIT,1701941182266,18.4,74.131
TRBUSDT,SELL,LIMIT,1701941186148,0.2,74.070
TRBUSDT,SELL,LIMIT,1701941187237,10.6,73.797
TRBUSDT,SELL,LIMIT,1701941188839,4.2,73.738
TRBUSDT,SELL,LIMIT,1701941190149,1.7,73.675
TRBUSDT,BUY,LIMIT,1701941339049,14.1,76.530
TRBUSDT,BUY,LIMIT,1701941588880,66.5,77.566
TRBUSDT,BUY,LIMIT,1701942392633,1.2,77.609
TRBUSDT,BUY,LIMIT,1701942922606,2.8,77.965
TRBUSDT,BUY,LIMIT,1701942953271,10.4,78.003
TRBUSDT,BUY,LIMIT,1701942965207,45.2,78.100
TRBUSDT,SELL,LIMIT,1701943832139,13.0,74.969
TRBUSDT,SELL,LIMIT,1701943833200,1.2,74.937
TRBUSDT,SELL,LIMIT,1701943875196,3.6,74.911
TRBUSDT,SELL,LIMIT,1701944349053,0.5,74.555
TRBUSDT,SELL,LIMIT,1701944470464,0.2,74.390
TRBUSDT,SELL,LIMIT,1701944528071,0.2,74.189
TRBUSDT,BUY,LIMIT,1701944783981,2.3,77.189
TRBUSDT,BUY,LIMIT,1701945071670,1.3,77.655
TRBUSDT,BUY,LIMIT,1701945124439,2.0,77.747
TRBUSDT,SELL,LIMIT,1701946460917,2.1,74.659
TRBUSDT,SELL,LIMIT,1701947438730,0.2,74.342
TRBUSDT,SELL,LIMIT,1701947502496,0.7,74.297
TRBUSDT,SELL,LIMIT,1701949449344,29.1,73.922
TRBUSDT,BUY,LIMIT,1701951337174,16.1,77.279
TRBUSDT,BUY,LIMIT,1701951914665,1.6,77.162
TRBUSDT,BUY,LIMIT,1701952205335,8.7,77.363
TRBUSDT,BUY,LIMIT,1701952322252,1.3,77.644
TRBUSDT,BUY,LIMIT,1701953017197,3.1,77.906
TRBUSDT,BUY,LIMIT,1701953976591,0.1,77.630
TRBUSDT,BUY,LIMIT,1701957241641,2.3,77.435
TRBUSDT,BUY,LIMIT,1701959214918,1.9,77.267
TRBUSDT,BUY,LIMIT,1701959502332,1.0,77.634
TRBUSDT,SELL,LIMIT,1701959724424,2.6,75.215
TRBUSDT,BUY,LIMIT,1701961339022,0.3,77.705
TRBUSDT,BUY,LIMIT,1701961403943,24.6,77.776
TRBUSDT,SELL,LIMIT,1701961788717,3.4,75.187
TRBUSDT,BUY,LIMIT,1701962686690,0.1,77.780
TRBUSDT,BUY,LIMIT,1701962842424,3.2,78.089
TRBUSDT,SELL,LIMIT,1701962843976,2.7,75.786
TRBUSDT,SELL,LIMIT,1701963021129,3.4,75.898
TRBUSDT,BUY,LIMIT,1701963034937,20.0,78.102
TRBUSDT,BUY,LIMIT,1701963331576,6.2,78.252
TRBUSDT,BUY,LIMIT,1701963689402,63.7,78.369
TRBUSDT,SELL,LIMIT,1701964935630,0.3,75.371
TRBUSDT,BUY,LIMIT,1701965013360,5.4,72.912
TRBUSDT,BUY,LIMIT,1701965063360,15.0,77.936
TRBUSDT,BUY,LIMIT,1701965855652,0.3,78.528
TRBUSDT,BUY,LIMIT,1701966089881,8.5,78.693
TRBUSDT,BUY,LIMIT,1701966094092,0.1,78.746
TRBUSDT,SELL,LIMIT,1701970985379,7.3,76.048
TRBUSDT,SELL,LIMIT,1701971014023,0.5,75.947
TRBUSDT,SELL,LIMIT,1701974303833,12.4,75.237
TRBUSDT,SELL,LIMIT,1701976455249,15.1,75.033
TRBUSDT,BUY,LIMIT,1701979116019,1.7,77.233
TRBUSDT,SELL,LIMIT,1701981502510,8.6,74.496
TRBUSDT,SELL,LIMIT,1701981505258,64.9,74.465
TRBUSDT,SELL,LIMIT,1701981626402,38.1,74.380
TRBUSDT,BUY,LIMIT,1701985124288,1.0,77.432
TRBUSDT,SELL,LIMIT,1701988329280,27.4,74.725
TRBUSDT,SELL,LIMIT,1701988354180,0.2,74.625
TRBUSDT,SELL,LIMIT,1701988444842,1.0,74.525
TRBUSDT,SELL,LIMIT,1701991570445,4.9,74.309
TRBUSDT,SELL,LIMIT,1701991575723,57.5,74.179
TRBUSDT,BUY,LIMIT,1701992610973,2.7,76.919
TRBUSDT,BUY,LIMIT,1701994484179,0.4,77.085
TRBUSDT,SELL,LIMIT,1701996153371,22.0,74.571
TRBUSDT,SELL,LIMIT,1701997436085,13.9,74.458
TRBUSDT,SELL,LIMIT,1701997674289,45.2,74.328
TRBUSDT,SELL,LIMIT,1701997762210,54.6,74.186
TRBUSDT,SELL,LIMIT,1701997764790,4.7,74.178
TRBUSDT,SELL,LIMIT,1702003783289,0.5,74.435
TRBUSDT,BUY,LIMIT,1702004462107,2.0,77.235
TRBUSDT,BUY,LIMIT,1702005636354,0.1,77.543
TRBUSDT,BUY,LIMIT,1702006584201,29.9,77.764
TRBUSDT,BUY,LIMIT,1702008787234,0.3,78.204
TRBUSDT,BUY,LIMIT,1702009401475,9.2,78.301
TRBUSDT,SELL,LIMIT,1702011876167,0.2,75.386
TRBUSDT,BUY,LIMIT,1702013072253,2.8,78.528
TRBUSDT,BUY,LIMIT,1702013205195,0.3,79.107
TRBUSDT,BUY,LIMIT,1702013206196,3.8,79.158
TRBUSDT,BUY,LIMIT,1702013230496,4.5,79.590
TRBUSDT,BUY,LIMIT,1702013231547,50.0,79.688
TRBUSDT,BUY,LIMIT,1702013232925,0.5,79.742
TRBUSDT,BUY,LIMIT,1702013234432,0.5,79.758
TRBUSDT,BUY,LIMIT,1702013237226,52.6,79.788
TRBUSDT,BUY,LIMIT,1702013455362,0.4,80.135
TRBUSDT,BUY,LIMIT,1702013456371,1.6,79.893
TRBUSDT,BUY,LIMIT,1702013570638,0.1,80.247
TRBUSDT,BUY,LIMIT,1702013571866,2.4,80.254
TRBUSDT,BUY,LIMIT,1702013575412,32.6,80.342
TRBUSDT,SELL,LIMIT,1702013800774,12.4,77.319
TRBUSDT,SELL,LIMIT,1702013802321,3.4,77.259
TRBUSDT,SELL,LIMIT,1702014439064,0.6,77.026
TRBUSDT,SELL,LIMIT,1702014809237,9.5,76.755
TRBUSDT,SELL,LIMIT,1702014810435,61.5,76.754
TRBUSDT,SELL,LIMIT,1702014876034,0.3,76.519
TRBUSDT,BUY,LIMIT,1702015574402,0.5,79.278
TRBUSDT,BUY,LIMIT,1702015646363,1.0,80.396
TRBUSDT,BUY,LIMIT,1702015650283,6.9,80.475
TRBUSDT,BUY,LIMIT,1702015654341,0.4,80.509
TRBUSDT,BUY,LIMIT,1702015655412,0.2,80.702
TRBUSDT,BUY,LIMIT,1702015656554,64.3,80.748
TRBUSDT,BUY,LIMIT,1702015728837,1.2,80.750
TRBUSDT,BUY,LIMIT,1702015734047,100.0,81.033
TRBUSDT,BUY,LIMIT,1702015735199,0.7,81.238
TRBUSDT,BUY,LIMIT,1702015755660,6.9,81.469
TRBUSDT,BUY,LIMIT,1702015758137,9.0,81.604
TRBUSDT,BUY,LIMIT,1702015760149,0.1,81.663
TRBUSDT,BUY,LIMIT,1702015761348,0.1,81.670
TRBUSDT,BUY,LIMIT,1702015766056,13.1,81.850
TRBUSDT,BUY,LIMIT,1702015768515,139.2,82.108
TRBUSDT,BUY,LIMIT,1702015771215,0.3,81.904
TRBUSDT,BUY,LIMIT,1702015774240,1.2,82.182
TRBUSDT,BUY,LIMIT,1702015812529,98.1,82.350
TRBUSDT,BUY,LIMIT,1702015813718,0.1,82.364
TRBUSDT,BUY,LIMIT,1702015815244,0.1,82.380
TRBUSDT,BUY,LIMIT,1702015829269,31.5,82.123
TRBUSDT,BUY,LIMIT,1702015832054,7.6,82.399
TRBUSDT,BUY,LIMIT,1702015837281,1.9,82.441
TRBUSDT,BUY,LIMIT,1702015838283,0.4,82.465
TRBUSDT,BUY,LIMIT,1702015839333,2.2,82.471
TRBUSDT,BUY,LIMIT,1702015841172,0.2,82.568
TRBUSDT,BUY,LIMIT,1702015843849,0.2,82.576
TRBUSDT,BUY,LIMIT,1702015876055,3.7,82.565
TRBUSDT,SELL,LIMIT,1702015920317,19.5,79.781
TRBUSDT,BUY,LIMIT,1702015975263,6.6,82.713
TRBUSDT,BUY,LIMIT,1702015981125,1.0,83.048
TRBUSDT,BUY,LIMIT,1702015982268,4.6,82.997
TRBUSDT,BUY,LIMIT,1702015985520,14.1,83.378
TRBUSDT,BUY,LIMIT,1702015988747,1.4,83.473
TRBUSDT,BUY,LIMIT,1702016001004,6.8,83.524
TRBUSDT,BUY,LIMIT,1702016056360,2.8,83.627
TRBUSDT,BUY,LIMIT,1702016057482,0.2,83.701
TRBUSDT,BUY,LIMIT,1702016058796,20.0,83.933
TRBUSDT,BUY,LIMIT,1702016062056,10.6,84.062
TRBUSDT,BUY,LIMIT,1702016063162,0.1,84.163
TRBUSDT,BUY,LIMIT,1702016071805,5.3,84.411
TRBUSDT,BUY,LIMIT,1702016078210,1.2,84.441
TRBUSDT,BUY,LIMIT,1702016079567,0.2,84.461
TRBUSDT,BUY,LIMIT,1702016086076,1.2,84.522
TRBUSDT,BUY,LIMIT,1702016092824,0.2,84.727
TRBUSDT,BUY,LIMIT,1702016094173,6.3,85.197
TRBUSDT,BUY,LIMIT,1702016097485,2.4,85.197
TRBUSDT,BUY,LIMIT,1702016104378,10.7,85.277
TRBUSDT,BUY,LIMIT,1702016106226,73.8,85.372
TRBUSDT,BUY,LIMIT,1702016107327,1.1,85.640
TRBUSDT,BUY,LIMIT,1702016108357,0.4,85.400
TRBUSDT,BUY,LIMIT,1702016109606,13.6,85.715
TRBUSDT,BUY,LIMIT,1702016111636,125.0,86.241
TRBUSDT,BUY,LIMIT,1702016113809,2.7,86.101
TRBUSDT,BUY,LIMIT,1702016115900,3.6,86.124
TRBUSDT,BUY,LIMIT,1702016117780,2.8,86.106
TRBUSDT,BUY,LIMIT,1702016132448,13.1,86.149
TRBUSDT,BUY,LIMIT,1702016139164,0.4,86.231
TRBUSDT,BUY,LIMIT,1702016145027,72.4,86.411
TRBUSDT,BUY,LIMIT,1702016146234,0.1,86.359
TRBUSDT,BUY,LIMIT,1702016149991,2.0,86.451
TRBUSDT,BUY,LIMIT,1702016151578,1.0,86.498
TRBUSDT,BUY,LIMIT,1702016154380,0.8,86.601
TRBUSDT,BUY,LIMIT,1702016163660,0.7,86.851
TRBUSDT,SELL,LIMIT,1702016166053,8.6,83.148
TRBUSDT,SELL,LIMIT,1702016167058,0.2,83.815
TRBUSDT,SELL,LIMIT,1702016236605,29.3,83.220
TRBUSDT,SELL,LIMIT,1702016256167,12.9,82.656
TRBUSDT,SELL,LIMIT,1702016260829,3.7,82.471
TRBUSDT,BUY,LIMIT,1702016290840,2.0,86.061
TRBUSDT,SELL,LIMIT,1702016302794,23.9,83.241
TRBUSDT,SELL,LIMIT,1702016304168,0.5,82.617
TRBUSDT,BUY,LIMIT,1702016348141,20.0,85.804
TRBUSDT,SELL,LIMIT,1702016378518,3.9,82.827
TRBUSDT,BUY,LIMIT,1702016492739,6.9,85.189
TRBUSDT,BUY,LIMIT,1702016496096,1.7,85.523
TRBUSDT,BUY,LIMIT,1702016502196,0.3,85.693
TRBUSDT,SELL,LIMIT,1702016623308,6.7,83.031
TRBUSDT,SELL,LIMIT,1702016625322,0.1,82.982
TRBUSDT,SELL,LIMIT,1702016715164,2.3,82.844
TRBUSDT,SELL,LIMIT,1702016724476,2.9,82.643
TRBUSDT,BUY,LIMIT,1702017070191,4.1,85.544
TRBUSDT,BUY,LIMIT,1702017113603,0.7,85.713
TRBUSDT,BUY,LIMIT,1702017116226,2.4,85.790
TRBUSDT,BUY,LIMIT,1702017134498,0.7,85.919
TRBUSDT,BUY,LIMIT,1702017179311,2.8,86.162
TRBUSDT,BUY,LIMIT,1702017182116,4.8,86.228
TRBUSDT,BUY,LIMIT,1702017192267,32.6,86.972
TRBUSDT,BUY,LIMIT,1702017193326,0.5,87.098
TRBUSDT,BUY,LIMIT,1702017202322,0.1,87.191
TRBUSDT,BUY,LIMIT,1702017204315,0.1,87.326
TRBUSDT,BUY,LIMIT,1702017207146,0.1,87.359
TRBUSDT,BUY,LIMIT,1702017211054,0.5,87.428
TRBUSDT,BUY,LIMIT,1702017212294,0.1,87.483
TRBUSDT,BUY,LIMIT,1702017214166,0.9,87.500
TRBUSDT,BUY,LIMIT,1702017215402,0.1,87.500
TRBUSDT,SELL,LIMIT,1702017223092,58.0,84.374
TRBUSDT,SELL,LIMIT,1702017271215,1.6,83.995
TRBUSDT,BUY,LIMIT,1702017323164,46.8,87.062
TRBUSDT,BUY,LIMIT,1702017329073,0.5,87.256
TRBUSDT,BUY,LIMIT,1702017335393,57.6,87.536
TRBUSDT,SELL,LIMIT,1702017404440,0.4,84.338
TRBUSDT,BUY,LIMIT,1702017597550,10.0,87.417
TRBUSDT,SELL,LIMIT,1702017703656,10.5,84.511
TRBUSDT,SELL,LIMIT,1702017714244,1.1,84.414
TRBUSDT,SELL,LIMIT,1702017762740,0.3,84.322
TRBUSDT,BUY,LIMIT,1702017852835,2.0,87.447
TRBUSDT,BUY,LIMIT,1702017950373,7.8,87.588
TRBUSDT,BUY,LIMIT,1702017971091,5.4,87.627
TRBUSDT,BUY,LIMIT,1702018051027,0.1,87.263
TRBUSDT,SELL,LIMIT,1702018137659,0.7,84.209
TRBUSDT,SELL,LIMIT,1702018563133,8.8,84.344
TRBUSDT,SELL,LIMIT,1702018565081,2.4,84.130
TRBUSDT,SELL,LIMIT,1702018844314,4.6,84.245
TRBUSDT,SELL,LIMIT,1702018845716,5.0,84.123
TRBUSDT,SELL,LIMIT,1702018848157,19.4,84.064
TRBUSDT,SELL,LIMIT,1702018877123,0.4,83.572
TRBUSDT,SELL,LIMIT,1702018878994,2.0,83.560
TRBUSDT,SELL,LIMIT,1702018888727,2.0,83.512
TRBUSDT,SELL,LIMIT,1702018913278,1.1,83.450
TRBUSDT,BUY,LIMIT,1702018948267,24.5,86.344
TRBUSDT,BUY,LIMIT,1702018952058,21.6,86.396
TRBUSDT,BUY,LIMIT,1702019237593,5.9,86.594
TRBUSDT,BUY,LIMIT,1702019242518,1.0,86.822
TRBUSDT,BUY,LIMIT,1702019248387,1.0,87.057
TRBUSDT,BUY,LIMIT,1702019328297,0.1,87.597
TRBUSDT,BUY,LIMIT,1702019331007,12.7,87.651
TRBUSDT,BUY,LIMIT,1702019332321,15.0,87.753
TRBUSDT,BUY,LIMIT,1702019333650,5.1,87.795
TRBUSDT,BUY,LIMIT,1702019335295,38.5,87.838
TRBUSDT,BUY,LIMIT,1702019338448,5.5,87.982
TRBUSDT,BUY,LIMIT,1702019341278,1.5,88.174
TRBUSDT,BUY,LIMIT,1702019342352,4.3,88.171
TRBUSDT,BUY,LIMIT,1702019346780,11.4,88.201
TRBUSDT,BUY,LIMIT,1702019347877,0.3,88.224
TRBUSDT,BUY,LIMIT,1702019350236,0.8,88.256
TRBUSDT,BUY,LIMIT,1702019351295,1.1,88.280
TRBUSDT,BUY,LIMIT,1702019352897,36.8,88.396
TRBUSDT,BUY,LIMIT,1702019355500,6.6,88.563
TRBUSDT,BUY,LIMIT,1702019374215,0.9,88.598
TRBUSDT,SELL,LIMIT,1702019387805,28.6,85.537
TRBUSDT,BUY,LIMIT,1702019402059,7.0,88.682
TRBUSDT,BUY,LIMIT,1702019403339,4.0,88.642
TRBUSDT,BUY,LIMIT,1702019404734,11.7,89.007
TRBUSDT,BUY,LIMIT,1702019413376,0.5,89.189
TRBUSDT,BUY,LIMIT,1702019414749,0.1,89.213
TRBUSDT,BUY,LIMIT,1702019415820,29.0,89.274
TRBUSDT,BUY,LIMIT,1702019417104,0.8,89.517
TRBUSDT,BUY,LIMIT,1702019418185,1.3,89.422
TRBUSDT,SELL,LIMIT,1702019458061,0.1,86.263
TRBUSDT,SELL,LIMIT,1702019459489,14.1,86.269
TRBUSDT,BUY,LIMIT,1702019725350,3.4,88.879
TRBUSDT,BUY,LIMIT,1702019743380,2.7,89.023
TRBUSDT,BUY,LIMIT,1702019750386,0.2,89.253
TRBUSDT,BUY,LIMIT,1702019754376,57.2,89.293
TRBUSDT,SELL,LIMIT,1702019839186,7.8,85.797
TRBUSDT,SELL,LIMIT,1702019843188,0.1,85.768
TRBUSDT,BUY,LIMIT,1702019884157,1.9,88.837
TRBUSDT,BUY,LIMIT,1702020103707,0.4,88.773
TRBUSDT,BUY,LIMIT,1702020143624,5.7,89.232
TRBUSDT,SELL,LIMIT,1702020327516,0.3,86.239
TRBUSDT,SELL,LIMIT,1702020333073,2.6,86.207
TRBUSDT,SELL,LIMIT,1702020386662,7.3,85.893
TRBUSDT,SELL,LIMIT,1702020439522,0.1,85.823
TRBUSDT,SELL,LIMIT,1702020447885,0.9,85.777
TRBUSDT,SELL,LIMIT,1702020449332,14.2,85.758
TRBUSDT,SELL,LIMIT,1702020573635,1.8,85.485
TRBUSDT,SELL,LIMIT,1702020576717,0.3,85.415
TRBUSDT,SELL,LIMIT,1702020578227,10.0,85.362
TRBUSDT,SELL,LIMIT,1702020587295,10.5,85.152
TRBUSDT,SELL,LIMIT,1702020589015,0.1,85.111
TRBUSDT,SELL,LIMIT,1702020591950,31.5,85.043
TRBUSDT,SELL,LIMIT,1702020637452,15.8,85.482
TRBUSDT,BUY,LIMIT,1702020672445,17.1,88.230
TRBUSDT,BUY,LIMIT,1702021039136,6.6,88.775
TRBUSDT,BUY,LIMIT,1702021049226,2.9,89.042
TRBUSDT,SELL,LIMIT,1702021286283,4.4,85.535
TRBUSDT,SELL,LIMIT,1702021674406,1.0,85.327
TRBUSDT,SELL,LIMIT,1702021679767,3.0,85.287
TRBUSDT,SELL,LIMIT,1702021681211,4.1,85.143
TRBUSDT,SELL,LIMIT,1702021683521,4.8,85.029
TRBUSDT,SELL,LIMIT,1702022414901,11.4,84.932
TRBUSDT,SELL,LIMIT,1702022416130,0.3,84.620
TRBUSDT,SELL,LIMIT,1702022417230,1.9,84.757
TRBUSDT,SELL,LIMIT,1702022425258,1.1,84.725
TRBUSDT,SELL,LIMIT,1702022427048,6.4,84.427
TRBUSDT,SELL,LIMIT,1702022428095,2.0,84.561
TRBUSDT,SELL,LIMIT,1702022489589,0.4,84.406
TRBUSDT,SELL,LIMIT,1702022500796,0.1,84.347
TRBUSDT,SELL,LIMIT,1702022502467,57.2,84.237
TRBUSDT,SELL,LIMIT,1702022503490,19.6,84.161
TRBUSDT,SELL,LIMIT,1702022732573,2.2,83.931
TRBUSDT,SELL,LIMIT,1702022739966,7.8,83.884
TRBUSDT,SELL,LIMIT,1702022743203,3.8,83.840
TRBUSDT,SELL,LIMIT,1702022767532,29.4,83.784
TRBUSDT,SELL,LIMIT,1702022769549,84.4,83.649
TRBUSDT,SELL,LIMIT,1702022772489,7.6,83.599
TRBUSDT,SELL,LIMIT,1702022789425,2.9,83.530
TRBUSDT,SELL,LIMIT,1702022796274,4.7,83.485
TRBUSDT,SELL,LIMIT,1702022800725,15.0,83.463
TRBUSDT,SELL,LIMIT,1702022842513,25.7,83.423
TRBUSDT,SELL,LIMIT,1702022847176,79.0,83.246
TRBUSDT,SELL,LIMIT,1702022849144,2.3,83.327
TRBUSDT,BUY,LIMIT,1702022910140,7.5,86.606
TRBUSDT,BUY,LIMIT,1702022913145,57.1,86.634
TRBUSDT,BUY,LIMIT,1702023101364,4.3,87.176
TRBUSDT,BUY,LIMIT,1702023105413,2.9,87.218
TRBUSDT,BUY,LIMIT,1702023106544,0.3,87.439
TRBUSDT,BUY,LIMIT,1702023112472,0.1,87.464
TRBUSDT,BUY,LIMIT,1702023119255,7.5,87.637
TRBUSDT,BUY,LIMIT,1702023121031,16.5,87.720
TRBUSDT,BUY,LIMIT,1702023123029,12.0,87.884
TRBUSDT,BUY,LIMIT,1702023852261,1.4,87.708
TRBUSDT,BUY,LIMIT,1702023867322,10.8,87.808
TRBUSDT,BUY,LIMIT,1702023912836,2.2,88.036
TRBUSDT,BUY,LIMIT,1702023914363,0.1,88.058
TRBUSDT,BUY,LIMIT,1702024503780,2.8,88.286
TRBUSDT,BUY,LIMIT,1702024506366,22.4,88.330
TRBUSDT,BUY,LIMIT,1702024507540,2.7,88.436
TRBUSDT,BUY,LIMIT,1702024514065,7.0,88.497
TRBUSDT,BUY,LIMIT,1702025352076,0.3,88.875
TRBUSDT,BUY,LIMIT,1702025368200,0.3,89.246
TRBUSDT,BUY,LIMIT,1702025373588,0.8,89.293
TRBUSDT,BUY,LIMIT,1702025418749,33.0,89.356
TRBUSDT,BUY,LIMIT,1702025434307,1.4,89.381
TRBUSDT,BUY,LIMIT,1702025436753,0.1,89.397
TRBUSDT,SELL,LIMIT,1702025489305,0.4,86.349
TRBUSDT,SELL,LIMIT,1702025590440,16.4,86.205
TRBUSDT,SELL,LIMIT,1702025593724,1.2,86.168
TRBUSDT,SELL,LIMIT,1702025817325,0.8,86.190
TRBUSDT,SELL,LIMIT,1702026072813,0.3,86.101
TRBUSDT,SELL,LIMIT,1702026417349,11.3,85.886
TRBUSDT,SELL,LIMIT,1702026418585,0.8,85.834
TRBUSDT,BUY,LIMIT,1702026556079,11.2,89.027
TRBUSDT,BUY,LIMIT,1702026650199,1.1,89.112
TRBUSDT,BUY,LIMIT,1702026657266,0.2,89.207
TRBUSDT,BUY,LIMIT,1702026665113,17.7,89.442
TRBUSDT,BUY,LIMIT,1702026666329,29.9,89.393
TRBUSDT,BUY,LIMIT,1702026699609,1.2,89.486
TRBUSDT,BUY,LIMIT,1702026704212,4.4,89.507
TRBUSDT,BUY,LIMIT,1702026714094,19.1,89.965
TRBUSDT,BUY,LIMIT,1702026715104,0.1,89.637
TRBUSDT,BUY,LIMIT,1702026720078,0.1,89.911
TRBUSDT,BUY,LIMIT,1702026759157,3.4,90.101
TRBUSDT,BUY,LIMIT,1702026760234,5.1,90.038
TRBUSDT,BUY,LIMIT,1702026762299,1.0,90.177
TRBUSDT,SELL,LIMIT,1702026820582,1.7,86.749
TRBUSDT,SELL,LIMIT,1702026944307,0.7,86.593
TRBUSDT,SELL,LIMIT,1702026946640,0.9,86.562
TRBUSDT,SELL,LIMIT,1702027203508,4.0,86.388
TRBUSDT,SELL,LIMIT,1702027445390,0.4,86.177
TRBUSDT,SELL,LIMIT,1702027448115,25.6,86.141
TRBUSDT,SELL,LIMIT,1702027536798,14.3,86.002
TRBUSDT,SELL,LIMIT,1702027539040,21.3,85.860
TRBUSDT,SELL,LIMIT,1702027540059,2.5,85.885
TRBUSDT,BUY,LIMIT,1702028208044,57.1,89.275
TRBUSDT,BUY,LIMIT,1702028213839,2.0,89.289
TRBUSDT,BUY,LIMIT,1702028238502,1.3,89.463
TRBUSDT,SELL,LIMIT,1702028732408,12.1,86.427
TRBUSDT,BUY,LIMIT,1702028953907,2.3,89.684
TRBUSDT,SELL,LIMIT,1702029339378,0.5,86.189
TRBUSDT,SELL,LIMIT,1702029340641,0.9,86.173
TRBUSDT,SELL,LIMIT,1702029344729,1.7,86.121
TRBUSDT,SELL,LIMIT,1702029346046,0.3,86.097
TRBUSDT,SELL,LIMIT,1702029353288,14.2,86.024
TRBUSDT,SELL,LIMIT,1702029499492,2.7,85.853
TRBUSDT,SELL,LIMIT,1702029638241,2.4,85.556
TRBUSDT,SELL,LIMIT,1702029640276,7.8,85.553
TRBUSDT,SELL,LIMIT,1702029643746,0.8,85.504
TRBUSDT,SELL,LIMIT,1702029646096,1.5,85.490
TRBUSDT,SELL,LIMIT,1702029660669,3.0,85.232
TRBUSDT,SELL,LIMIT,1702029662057,42.4,85.114
TRBUSDT,SELL,LIMIT,1702029663278,6.0,85.167
TRBUSDT,BUY,LIMIT,1702030057066,0.1,87.803
TRBUSDT,SELL,LIMIT,1702030577138,11.5,85.120
TRBUSDT,SELL,LIMIT,1702030598711,29.5,85.034
TRBUSDT,SELL,LIMIT,1702030986311,28.3,85.485
TRBUSDT,BUY,LIMIT,1702031180413,1.0,88.136
TRBUSDT,BUY,LIMIT,1702031189302,0.1,88.229
TRBUSDT,BUY,LIMIT,1702031826944,5.2,88.279
TRBUSDT,BUY,LIMIT,1702031834109,0.7,88.395
TRBUSDT,BUY,LIMIT,1702031875414,3.5,88.469
TRBUSDT,BUY,LIMIT,1702031886288,1.1,88.523
TRBUSDT,BUY,LIMIT,1702031893087,4.8,88.554
TRBUSDT,BUY,LIMIT,1702031907054,0.5,88.636
TRBUSDT,BUY,LIMIT,1702031939473,2.0,88.837
TRBUSDT,BUY,LIMIT,1702032157244,10.1,88.899
TRBUSDT,BUY,LIMIT,1702032165189,0.6,88.997
TRBUSDT,BUY,LIMIT,1702032254944,0.3,89.087
TRBUSDT,BUY,LIMIT,1702032288724,2.0,89.221
TRBUSDT,BUY,LIMIT,1702032460785,2.3,89.383
TRBUSDT,BUY,LIMIT,1702032494273,0.4,89.489
TRBUSDT,BUY,LIMIT,1702032734734,17.0,89.626
TRBUSDT,BUY,LIMIT,1702032831067,0.5,89.731
TRBUSDT,BUY,LIMIT,1702032833330,0.5,89.758
TRBUSDT,BUY,LIMIT,1702032836396,7.0,89.780
TRBUSDT,SELL,LIMIT,1702034732362,56.5,86.691
TRBUSDT,BUY,LIMIT,1702034769520,3.9,89.701
TRBUSDT,SELL,LIMIT,1702034782901,28.9,87.037
TRBUSDT,BUY,LIMIT,1702034788722,3.2,89.305
TRBUSDT,BUY,LIMIT,1702034890169,53.9,89.863
TRBUSDT,BUY,LIMIT,1702034895386,4.3,89.891
TRBUSDT,BUY,LIMIT,1702034922663,2.4,89.922
TRBUSDT,BUY,LIMIT,1702034987068,0.7,90.037
TRBUSDT,BUY,LIMIT,1702034992256,1.7,90.075
TRBUSDT,BUY,LIMIT,1702034998773,0.4,90.125
TRBUSDT,BUY,LIMIT,1702035054216,0.5,90.224
TRBUSDT,BUY,LIMIT,1702035055326,18.8,90.305
TRBUSDT,BUY,LIMIT,1702035157863,0.2,89.740
TRBUSDT,SELL,LIMIT,1702035209308,56.4,86.896
TRBUSDT,BUY,LIMIT,1702035838399,0.1,89.553
TRBUSDT,BUY,LIMIT,1702035919319,0.1,90.335
TRBUSDT,BUY,LIMIT,1702035925150,25.6,90.472
TRBUSDT,BUY,LIMIT,1702035926439,0.4,90.458
TRBUSDT,BUY,LIMIT,1702035927468,1.8,90.531
TRBUSDT,BUY,LIMIT,1702035928472,3.3,90.757
TRBUSDT,BUY,LIMIT,1702035929476,1.0,90.974
TRBUSDT,BUY,LIMIT,1702035931107,0.4,91.012
TRBUSDT,BUY,LIMIT,1702035932186,0.2,91.011
TRBUSDT,BUY,LIMIT,1702035934103,0.6,91.107
TRBUSDT,BUY,LIMIT,1702035935192,1.7,91.106
TRBUSDT,BUY,LIMIT,1702035936264,161.4,91.521
TRBUSDT,BUY,LIMIT,1702035937277,3.7,91.652
TRBUSDT,BUY,LIMIT,1702035938350,1.3,91.493
TRBUSDT,BUY,LIMIT,1702036060171,26.6,91.587
TRBUSDT,BUY,LIMIT,1702036061334,2.7,91.762
TRBUSDT,BUY,LIMIT,1702036063064,0.2,91.858
TRBUSDT,BUY,LIMIT,1702036064086,3.7,91.838
TRBUSDT,BUY,LIMIT,1702036065105,0.5,92.190
TRBUSDT,BUY,LIMIT,1702036066126,5.9,92.355
TRBUSDT,BUY,LIMIT,1702036067133,1.2,92.444
TRBUSDT,BUY,LIMIT,1702036068835,0.2,92.744
TRBUSDT,BUY,LIMIT,1702036070062,5.4,92.787
TRBUSDT,BUY,LIMIT,1702036071159,0.6,92.913
TRBUSDT,BUY,LIMIT,1702036072225,0.4,93.084
TRBUSDT,BUY,LIMIT,1702036073347,1.5,93.215
TRBUSDT,BUY,LIMIT,1702036079051,42.5,93.555
TRBUSDT,BUY,LIMIT,1702036080171,13.9,93.418
TRBUSDT,SELL,LIMIT,1702036099613,1.6,90.313
TRBUSDT,SELL,LIMIT,1702036101728,20.5,90.215
TRBUSDT,SELL,LIMIT,1702036151322,0.3,89.650
TRBUSDT,SELL,LIMIT,1702036152549,18.4,89.622
TRBUSDT,SELL,LIMIT,1702036156971,9.2,89.557
TRBUSDT,SELL,LIMIT,1702036158253,1.0,89.465
TRBUSDT,BUY,LIMIT,1702036206256,3.4,92.770
TRBUSDT,SELL,LIMIT,1702036387222,1.0,89.475
TRBUSDT,SELL,LIMIT,1702036391755,9.3,89.394
TRBUSDT,SELL,LIMIT,1702036393055,0.2,89.318
TRBUSDT,BUY,LIMIT,1702036498101,4.1,92.564
TRBUSDT,BUY,LIMIT,1702036512130,0.6,92.746
TRBUSDT,BUY,LIMIT,1702036773418,0.1,92.737
TRBUSDT,BUY,LIMIT,1702036862527,21.4,93.414
TRBUSDT,BUY,LIMIT,1702036865424,1.0,93.487
TRBUSDT,SELL,LIMIT,1702036888875,4.3,90.244
TRBUSDT,BUY,LIMIT,1702036982140,1.8,93.528
TRBUSDT,BUY,LIMIT,1702036984107,348.8,94.206
TRBUSDT,BUY,LIMIT,1702036985249,4.6,93.640
TRBUSDT,BUY,LIMIT,1702036986543,0.2,93.746
TRBUSDT,BUY,LIMIT,1702036987561,51.6,93.793
TRBUSDT,BUY,LIMIT,1702037002213,0.3,93.913
TRBUSDT,BUY,LIMIT,1702037004016,0.6,93.951
TRBUSDT,BUY,LIMIT,1702037010269,0.4,93.978
TRBUSDT,BUY,LIMIT,1702037011323,3.5,93.989
TRBUSDT,BUY,LIMIT,1702037022291,17.7,94.132
TRBUSDT,BUY,LIMIT,1702037023502,10.8,94.116
TRBUSDT,BUY,LIMIT,1702037029378,11.0,94.191
TRBUSDT,BUY,LIMIT,1702037031083,0.9,94.282
TRBUSDT,BUY,LIMIT,1702037032228,0.1,94.328
TRBUSDT,BUY,LIMIT,1702037033407,4.0,94.295
TRBUSDT,BUY,LIMIT,1702037039522,1.2,94.374
TRBUSDT,BUY,LIMIT,1702037044334,2.7,94.399
TRBUSDT,BUY,LIMIT,1702037053248,0.6,94.458
TRBUSDT,BUY,LIMIT,1702037057423,0.5,94.518
TRBUSDT,BUY,LIMIT,1702037058460,50.2,94.608
TRBUSDT,BUY,LIMIT,1702037059462,2.4,94.726
TRBUSDT,SELL,LIMIT,1702037070293,11.2,91.358
TRBUSDT,SELL,LIMIT,1702037149156,0.4,91.022
TRBUSDT,BUY,LIMIT,1702037393277,4.3,94.635
TRBUSDT,BUY,LIMIT,1702037394574,0.3,94.683
TRBUSDT,BUY,LIMIT,1702037439426,10.2,94.760
TRBUSDT,BUY,LIMIT,1702037441425,0.4,94.804
TRBUSDT,BUY,LIMIT,1702037452476,10.7,94.839
TRBUSDT,BUY,LIMIT,1702037454098,0.1,94.844
TRBUSDT,BUY,LIMIT,1702037455246,7.9,94.867
TRBUSDT,BUY,LIMIT,1702037456350,4.2,94.894
TRBUSDT,SELL,LIMIT,1702037570113,26.8,91.445
TRBUSDT,SELL,LIMIT,1702037573612,2.8,91.313
TRBUSDT,BUY,LIMIT,1702037721038,7.0,94.795
TRBUSDT,BUY,LIMIT,1702037732083,21.4,94.876
TRBUSDT,SELL,LIMIT,1702037751215,13.3,91.634
TRBUSDT,SELL,LIMIT,1702037754647,0.7,91.504
TRBUSDT,BUY,LIMIT,1702037911366,33.4,95.033
TRBUSDT,BUY,LIMIT,1702037919173,0.1,95.063
TRBUSDT,BUY,LIMIT,1702037920441,2.6,95.106
TRBUSDT,SELL,LIMIT,1702037990560,1.9,91.860
TRBUSDT,SELL,LIMIT,1702038012086,1.0,91.630
TRBUSDT,SELL,LIMIT,1702038036410,19.9,91.440
TRBUSDT,SELL,LIMIT,1702038039516,2.7,91.367
TRBUSDT,BUY,LIMIT,1702038177479,14.1,94.419
TRBUSDT,SELL,LIMIT,1702038296111,1.2,91.322
TRBUSDT,BUY,LIMIT,1702038483152,3.8,94.246
TRBUSDT,BUY,LIMIT,1702038553977,24.4,93.972
TRBUSDT,BUY,LIMIT,1702038663833,1.5,94.350
TRBUSDT,BUY,LIMIT,1702038858812,1.0,94.659
TRBUSDT,BUY,LIMIT,1702038873372,0.5,94.675
TRBUSDT,BUY,LIMIT,1702038928663,0.9,94.688
TRBUSDT,BUY,LIMIT,1702038941356,0.4,94.781
TRBUSDT,BUY,LIMIT,1702038943573,0.2,94.890
TRBUSDT,BUY,LIMIT,1702038948506,12.3,94.922
TRBUSDT,BUY,LIMIT,1702038961092,5.3,94.996
TRBUSDT,BUY,LIMIT,1702038962398,1.1,95.020
TRBUSDT,BUY,LIMIT,1702039092437,0.2,95.228
TRBUSDT,BUY,LIMIT,1702039104624,5.4,95.293
TRBUSDT,BUY,LIMIT,1702039107165,0.8,95.339
TRBUSDT,BUY,LIMIT,1702039108201,16.3,95.589
TRBUSDT,BUY,LIMIT,1702039109250,11.5,95.383
TRBUSDT,BUY,LIMIT,1702039128581,2.7,95.725
TRBUSDT,BUY,LIMIT,1702039131348,3.7,95.773
TRBUSDT,BUY,LIMIT,1702039393164,1.0,95.674
TRBUSDT,BUY,LIMIT,1702039537603,0.3,95.581
TRBUSDT,BUY,LIMIT,1702039750452,2.4,95.852
TRBUSDT,BUY,LIMIT,1702039751474,2.0,95.861
TRBUSDT,SELL,LIMIT,1702039862440,8.1,92.415
TRBUSDT,SELL,LIMIT,1702039871285,3.4,92.311
TRBUSDT,SELL,LIMIT,1702039964217,20.4,92.164
TRBUSDT,SELL,LIMIT,1702039972126,47.3,92.087
TRBUSDT,SELL,LIMIT,1702039974929,37.0,92.035
TRBUSDT,SELL,LIMIT,1702039977343,38.3,91.990
TRBUSDT,BUY,LIMIT,1702040237921,53.4,95.361
TRBUSDT,BUY,LIMIT,1702040239560,10.6,95.383
TRBUSDT,BUY,LIMIT,1702040501365,3.9,95.667
TRBUSDT,BUY,LIMIT,1702040518344,0.9,95.938
TRBUSDT,BUY,LIMIT,1702040519522,0.5,95.945
TRBUSDT,BUY,LIMIT,1702040520631,4.1,96.151
TRBUSDT,BUY,LIMIT,1702040522281,8.9,96.212
TRBUSDT,BUY,LIMIT,1702040523360,16.2,96.269
TRBUSDT,SELL,LIMIT,1702040531551,14.3,93.240
TRBUSDT,SELL,LIMIT,1702040794503,44.0,92.350
TRBUSDT,SELL,LIMIT,1702040796667,0.1,92.323
TRBUSDT,SELL,LIMIT,1702040803904,3.0,92.293
TRBUSDT,SELL,LIMIT,1702040816482,0.4,92.109
TRBUSDT,SELL,LIMIT,1702040820548,3.0,92.107
TRBUSDT,SELL,LIMIT,1702040822188,1.1,91.993
TRBUSDT,SELL,LIMIT,1702040823298,1.4,91.962
TRBUSDT,SELL,LIMIT,1702040824344,6.6,91.930
TRBUSDT,SELL,LIMIT,1702040828093,0.1,91.921
TRBUSDT,BUY,LIMIT,1702041067203,235.5,95.303
TRBUSDT,BUY,LIMIT,1702041404160,2.8,95.227
TRBUSDT,BUY,LIMIT,1702041609680,26.8,95.059
TRBUSDT,BUY,LIMIT,1702041678146,19.1,95.543
TRBUSDT,BUY,LIMIT,1702041681926,3.1,95.581
TRBUSDT,BUY,LIMIT,1702041740700,11.0,95.617
TRBUSDT,BUY,LIMIT,1702041822324,0.4,95.637
TRBUSDT,BUY,LIMIT,1702041850468,4.0,95.639
TRBUSDT,BUY,LIMIT,1702041855802,2.6,95.705
TRBUSDT,BUY,LIMIT,1702041931828,91.2,95.722
TRBUSDT,BUY,LIMIT,1702042102632,1.8,95.857
TRBUSDT,SELL,LIMIT,1702042237077,2.9,92.472
TRBUSDT,SELL,LIMIT,1702042238244,9.0,92.520
TRBUSDT,BUY,LIMIT,1702042248089,5.8,95.400
TRBUSDT,BUY,LIMIT,1702042314842,0.5,95.905
TRBUSDT,BUY,LIMIT,1702042316803,16.0,95.981
TRBUSDT,BUY,LIMIT,1702042348578,0.1,96.062
TRBUSDT,BUY,LIMIT,1702042349916,9.7,96.093
TRBUSDT,BUY,LIMIT,1702042357137,0.8,96.282
TRBUSDT,BUY,LIMIT,1702042419946,1.1,96.294
TRBUSDT,BUY,LIMIT,1702042421125,3.4,96.446
TRBUSDT,BUY,LIMIT,1702042454090,11.3,96.714
TRBUSDT,BUY,LIMIT,1702042455598,1.8,96.646
TRBUSDT,BUY,LIMIT,1702042457202,0.4,96.760
TRBUSDT,BUY,LIMIT,1702042458237,4.2,96.791
TRBUSDT,BUY,LIMIT,1702042460511,3.9,96.811
TRBUSDT,BUY,LIMIT,1702042461787,2.6,96.829
TRBUSDT,BUY,LIMIT,1702042465116,0.3,96.854
TRBUSDT,BUY,LIMIT,1702042467313,5.7,96.897
TRBUSDT,BUY,LIMIT,1702042468605,14.9,96.862
TRBUSDT,BUY,LIMIT,1702042470868,0.3,97.051
TRBUSDT,BUY,LIMIT,1702042472473,10.6,96.984
TRBUSDT,BUY,LIMIT,1702042488535,1.1,97.080
TRBUSDT,BUY,LIMIT,1702042494987,0.1,97.087
TRBUSDT,BUY,LIMIT,1702042496299,1.0,97.108
TRBUSDT,BUY,LIMIT,1702042532080,0.1,97.180
TRBUSDT,BUY,LIMIT,1702042533138,31.4,97.182
TRBUSDT,BUY,LIMIT,1702042534154,0.9,97.242
TRBUSDT,BUY,LIMIT,1702042535303,4.9,97.329
TRBUSDT,BUY,LIMIT,1702042536698,0.3,97.349
TRBUSDT,BUY,LIMIT,1702042537748,3.6,97.622
TRBUSDT,BUY,LIMIT,1702042538820,9.4,97.898
TRBUSDT,BUY,LIMIT,1702042540075,0.3,98.140
TRBUSDT,BUY,LIMIT,1702042541118,8.0,98.179
TRBUSDT,SELL,LIMIT,1702042583078,29.5,94.652
TRBUSDT,SELL,LIMIT,1702042584409,1.8,94.606
TRBUSDT,SELL,LIMIT,1702042585943,0.1,94.508
TRBUSDT,SELL,LIMIT,1702042631960,5.6,94.344
TRBUSDT,SELL,LIMIT,1702042730034,2.0,94.300
TRBUSDT,SELL,LIMIT,1702042761292,0.2,94.122
TRBUSDT,SELL,LIMIT,1702042764186,1.1,93.988
TRBUSDT,SELL,LIMIT,1702042773231,1.9,93.760
TRBUSDT,SELL,LIMIT,1702042810129,41.1,93.331
TRBUSDT,SELL,LIMIT,1702042811167,24.2,93.651
TRBUSDT,SELL,LIMIT,1702042812185,51.6,92.962
TRBUSDT,SELL,LIMIT,1702042818860,0.2,92.872
TRBUSDT,SELL,LIMIT,1702042823027,3.7,92.710
TRBUSDT,SELL,LIMIT,1702042824303,9.0,92.181
TRBUSDT,SELL,LIMIT,1702042825377,3.9,92.223
TRBUSDT,SELL,LIMIT,1702042851089,22.3,92.136
TRBUSDT,SELL,LIMIT,1702042852364,12.4,92.066
TRBUSDT,SELL,LIMIT,1702042853688,0.8,91.987
TRBUSDT,SELL,LIMIT,1702042854777,0.5,91.675
TRBUSDT,SELL,LIMIT,1702042885465,7.6,91.618
TRBUSDT,SELL,LIMIT,1702042887147,0.2,91.513
TRBUSDT,SELL,LIMIT,1702042888261,7.1,91.454
TRBUSDT,SELL,LIMIT,1702042941825,4.0,91.368
TRBUSDT,BUY,LIMIT,1702042961567,0.2,94.619
TRBUSDT,BUY,LIMIT,1702043069802,5.9,94.648
TRBUSDT,SELL,LIMIT,1702043128183,8.6,91.319
TRBUSDT,SELL,LIMIT,1702043129285,0.1,91.301
TRBUSDT,SELL,LIMIT,1702043131805,22.8,91.280
TRBUSDT,SELL,LIMIT,1702043186289,1.1,91.247
TRBUSDT,SELL,LIMIT,1702043189146,3.4,91.226
TRBUSDT,SELL,LIMIT,1702043190169,5.3,91.004
TRBUSDT,SELL,LIMIT,1702043191168,5.8,90.978
TRBUSDT,BUY,LIMIT,1702043302574,34.8,94.872
TRBUSDT,BUY,LIMIT,1702043313893,1.5,95.052
TRBUSDT,BUY,LIMIT,1702043315366,2.6,95.093
TRBUSDT,SELL,LIMIT,1702043621396,10.6,91.969
TRBUSDT,SELL,LIMIT,1702043985567,3.9,91.638
TRBUSDT,SELL,LIMIT,1702043990238,53.0,91.383
TRBUSDT,BUY,LIMIT,1702044149386,4.8,94.767
TRBUSDT,SELL,LIMIT,1702044172148,30.2,91.323
TRBUSDT,SELL,LIMIT,1702044173438,1.6,91.325
TRBUSDT,SELL,LIMIT,1702044177812,1.9,91.172
TRBUSDT,SELL,LIMIT,1702044180728,2.8,91.109
TRBUSDT,SELL,LIMIT,1702044187608,14.2,91.008
TRBUSDT,SELL,LIMIT,1702044339733,0.9,90.955
TRBUSDT,BUY,LIMIT,1702044358967,1.7,94.215
TRBUSDT,SELL,LIMIT,1702044409226,23.5,90.864
TRBUSDT,SELL,LIMIT,1702044410308,3.0,90.856
TRBUSDT,SELL,LIMIT,1702044412101,51.7,90.643
TRBUSDT,SELL,LIMIT,1702044413186,15.9,90.555
TRBUSDT,SELL,LIMIT,1702044414282,39.4,90.559
TRBUSDT,SELL,LIMIT,1702044415622,0.1,90.362
TRBUSDT,SELL,LIMIT,1702044420324,3.6,90.356
TRBUSDT,SELL,LIMIT,1702044421664,1.7,90.252
TRBUSDT,SELL,LIMIT,1702044493323,6.2,90.382
TRBUSDT,BUY,LIMIT,1702044830236,1.0,93.914
TRBUSDT,BUY,LIMIT,1702044906911,17.3,94.172
TRBUSDT,BUY,LIMIT,1702045121355,1.0,94.382
TRBUSDT,BUY,LIMIT,1702045416882,0.1,94.580
TRBUSDT,BUY,LIMIT,1702045476068,8.7,94.965
TRBUSDT,BUY,LIMIT,1702045853295,1.0,94.637
TRBUSDT,SELL,LIMIT,1702045973258,14.0,91.422
TRBUSDT,SELL,LIMIT,1702045974289,31.6,91.279
TRBUSDT,SELL,LIMIT,1702045975560,15.9,91.244
TRBUSDT,BUY,LIMIT,1702046128095,17.2,94.779
TRBUSDT,BUY,LIMIT,1702046129416,1.8,94.811
TRBUSDT,SELL,LIMIT,1702046649575,0.4,91.827
TRBUSDT,SELL,LIMIT,1702046652661,25.0,91.728
TRBUSDT,SELL,LIMIT,1702046656550,0.6,91.609
TRBUSDT,SELL,LIMIT,1702046657740,52.1,91.504
TRBUSDT,SELL,LIMIT,1702046686494,0.3,91.467
TRBUSDT,SELL,LIMIT,1702046786898,0.2,91.285
TRBUSDT,SELL,LIMIT,1702046796289,11.7,91.139
TRBUSDT,BUY,LIMIT,1702046812192,21.6,94.031
TRBUSDT,SELL,LIMIT,1702047062166,3.5,91.318
TRBUSDT,SELL,LIMIT,1702047197337,7.2,91.358
TRBUSDT,BUY,LIMIT,1702047529372,0.6,93.989
TRBUSDT,SELL,LIMIT,1702047655785,50.0,90.792
TRBUSDT,SELL,LIMIT,1702047662377,6.6,90.646
TRBUSDT,SELL,LIMIT,1702047668729,30.5,90.589
TRBUSDT,SELL,LIMIT,1702047671141,3.1,90.425
TRBUSDT,SELL,LIMIT,1702048229641,1.8,90.353
TRBUSDT,SELL,LIMIT,1702048232159,36.7,90.302
TRBUSDT,SELL,LIMIT,1702048235932,6.2,90.207
TRBUSDT,BUY,LIMIT,1702048271232,4.3,93.500
TRBUSDT,BUY,LIMIT,1702048326926,23.0,93.974
TRBUSDT,BUY,LIMIT,1702048328455,0.5,93.963
TRBUSDT,SELL,LIMIT,1702048472157,0.1,90.727
TRBUSDT,BUY,LIMIT,1702048674399,2.0,93.755
TRBUSDT,BUY,LIMIT,1702049165705,31.3,93.948
TRBUSDT,SELL,LIMIT,1702049499691,1.0,90.775
TRBUSDT,BUY,LIMIT,1702049716820,5.7,94.025
TRBUSDT,BUY,LIMIT,1702050126616,0.9,94.422
TRBUSDT,BUY,LIMIT,1702050137306,0.4,94.438
TRBUSDT,BUY,LIMIT,1702050138324,15.0,94.434
TRBUSDT,BUY,LIMIT,1702050449525,1.6,94.624
TRBUSDT,BUY,LIMIT,1702050454060,52.7,94.702
TRBUSDT,SELL,LIMIT,1702050850556,10.5,91.577
TRBUSDT,BUY,LIMIT,1702050920393,0.1,94.778
TRBUSDT,BUY,LIMIT,1702051066136,1.6,94.940
TRBUSDT,SELL,LIMIT,1702051157920,14.0,91.680
TRBUSDT,BUY,LIMIT,1702051376055,51.4,94.591
TRBUSDT,BUY,LIMIT,1702051379779,3.7,94.631
TRBUSDT,BUY,LIMIT,1702051486669,12.9,94.351
TRBUSDT,BUY,LIMIT,1702051501763,0.2,94.540
TRBUSDT,BUY,LIMIT,1702051505129,1.1,94.528
TRBUSDT,SELL,LIMIT,1702051557414,0.1,91.523
TRBUSDT,SELL,LIMIT,1702051560676,26.8,91.380
TRBUSDT,SELL,LIMIT,1702051662529,8.0,91.252
TRBUSDT,BUY,LIMIT,1702051847226,9.3,94.065
TRBUSDT,BUY,LIMIT,1702052246254,22.1,94.575
TRBUSDT,BUY,LIMIT,1702052530226,0.8,94.864
TRBUSDT,BUY,LIMIT,1702052543608,12.9,95.048
TRBUSDT,BUY,LIMIT,1702052545230,1.6,95.077
TRBUSDT,BUY,LIMIT,1702052588660,0.7,94.738
TRBUSDT,BUY,LIMIT,1702052617137,0.3,94.744
TRBUSDT,BUY,LIMIT,1702052787039,8.6,94.466
TRBUSDT,SELL,LIMIT,1702053005423,1.4,91.388
TRBUSDT,BUY,LIMIT,1702053214307,10.2,94.701
TRBUSDT,BUY,LIMIT,1702053227022,2.7,94.783
TRBUSDT,SELL,LIMIT,1702053829392,28.7,91.687
TRBUSDT,SELL,LIMIT,1702053913075,2.2,91.332
TRBUSDT,SELL,LIMIT,1702053937143,26.0,91.073
TRBUSDT,SELL,LIMIT,1702053940244,8.0,91.054
TRBUSDT,BUY,LIMIT,1702054213425,10.4,94.419
TRBUSDT,SELL,LIMIT,1702054416119,4.9,91.110
TRBUSDT,SELL,LIMIT,1702054470081,3.2,90.983
TRBUSDT,SELL,LIMIT,1702054473894,1.5,90.951
TRBUSDT,SELL,LIMIT,1702054561333,12.2,90.774
TRBUSDT,SELL,LIMIT,1702054566535,23.2,90.636
TRBUSDT,SELL,LIMIT,1702054958842,1.0,90.763
TRBUSDT,SELL,LIMIT,1702055001989,1.1,90.896
TRBUSDT,SELL,LIMIT,1702055008188,12.6,90.404
TRBUSDT,SELL,LIMIT,1702055015387,2.4,90.309
TRBUSDT,SELL,LIMIT,1702055017589,11.0,90.297
TRBUSDT,SELL,LIMIT,1702055023536,4.0,90.186
TRBUSDT,SELL,LIMIT,1702055246335,6.0,90.151
TRBUSDT,SELL,LIMIT,1702055247933,0.2,90.133
TRBUSDT,SELL,LIMIT,1702055266493,1.2,90.068
TRBUSDT,SELL,LIMIT,1702055267762,0.1,89.875
TRBUSDT,SELL,LIMIT,1702055268801,0.1,89.402
TRBUSDT,SELL,LIMIT,1702055269803,2.9,88.731
TRBUSDT,SELL,LIMIT,1702055271205,2.0,88.551
TRBUSDT,SELL,LIMIT,1702055301136,53.0,88.913
TRBUSDT,BUY,LIMIT,1702055341202,3.4,91.995
TRBUSDT,BUY,LIMIT,1702055432674,12.5,92.403
TRBUSDT,BUY,LIMIT,1702055845125,22.7,92.025
TRBUSDT,SELL,LIMIT,1702055929588,6.8,89.355
TRBUSDT,SELL,LIMIT,1702056157341,2.1,89.261
TRBUSDT,SELL,LIMIT,1702056260178,0.1,89.036
TRBUSDT,SELL,LIMIT,1702056271565,17.8,88.903
TRBUSDT,SELL,LIMIT,1702056276463,43.0,88.916
TRBUSDT,SELL,LIMIT,1702056280443,13.1,88.843
TRBUSDT,SELL,LIMIT,1702056281590,2.7,88.819
TRBUSDT,SELL,LIMIT,1702056296649,0.1,88.821
TRBUSDT,SELL,LIMIT,1702056334855,3.9,88.774
TRBUSDT,SELL,LIMIT,1702056343071,3.0,88.648
TRBUSDT,SELL,LIMIT,1702056361356,0.5,88.542
TRBUSDT,SELL,LIMIT,1702056442049,2.9,88.720
TRBUSDT,SELL,LIMIT,1702056548313,2.6,88.468
TRBUSDT,SELL,LIMIT,1702056549556,0.2,88.393
TRBUSDT,SELL,LIMIT,1702056550888,27.7,88.362
TRBUSDT,SELL,LIMIT,1702056562091,0.1,88.186
TRBUSDT,SELL,LIMIT,1702056563213,7.1,88.090
TRBUSDT,BUY,LIMIT,1702056761467,2.5,91.442
TRBUSDT,SELL,LIMIT,1702057167133,4.6,88.136
TRBUSDT,SELL,LIMIT,1702057168431,0.7,88.113
TRBUSDT,SELL,LIMIT,1702057171689,0.1,88.060
TRBUSDT,SELL,LIMIT,1702057176877,0.2,88.009
TRBUSDT,SELL,LIMIT,1702057178548,3.5,87.998
TRBUSDT,SELL,LIMIT,1702057179724,11.8,87.982
TRBUSDT,SELL,LIMIT,1702057182592,42.3,87.940
TRBUSDT,SELL,LIMIT,1702057255618,3.0,87.886
TRBUSDT,SELL,LIMIT,1702057256907,5.4,87.801
TRBUSDT,SELL,LIMIT,1702057258014,5.5,87.738
TRBUSDT,SELL,LIMIT,1702057259240,0.2,87.578
TRBUSDT,SELL,LIMIT,1702057260671,2.2,87.467
TRBUSDT,BUY,LIMIT,1702058446778,0.6,90.511
TRBUSDT,BUY,LIMIT,1702058632777,3.0,91.020
TRBUSDT,BUY,LIMIT,1702058637270,20.9,91.101
TRBUSDT,SELL,LIMIT,1702058848328,2.4,87.521
TRBUSDT,BUY,LIMIT,1702058883686,0.9,90.583
TRBUSDT,SELL,LIMIT,1702059360895,0.3,87.778
TRBUSDT,SELL,LIMIT,1702059410714,3.0,87.863
TRBUSDT,SELL,LIMIT,1702059559085,2.0,87.591
TRBUSDT,BUY,LIMIT,1702059985318,2.8,90.725
TRBUSDT,BUY,LIMIT,1702060216800,15.3,90.745
TRBUSDT,BUY,LIMIT,1702060692404,1.1,90.978
TRBUSDT,SELL,LIMIT,1702060811614,5.3,88.183
TRBUSDT,SELL,LIMIT,1702060817441,3.2,88.295
TRBUSDT,SELL,LIMIT,1702060953798,3.6,88.147
TRBUSDT,SELL,LIMIT,1702061137684,0.1,87.939
TRBUSDT,SELL,LIMIT,1702061847356,42.8,87.811
TRBUSDT,SELL,LIMIT,1702061987430,1.0,87.705
TRBUSDT,SELL,LIMIT,1702063727068,4.4,87.866
TRBUSDT,SELL,LIMIT,1702063728885,2.7,87.839
TRBUSDT,BUY,LIMIT,1702064047579,1.2,91.049
TRBUSDT,BUY,LIMIT,1702064062070,0.1,91.156
TRBUSDT,BUY,LIMIT,1702065256704,1.1,91.376
TRBUSDT,BUY,LIMIT,1702065259032,21.2,91.511
TRBUSDT,SELL,LIMIT,1702065521583,0.4,88.672
TRBUSDT,SELL,LIMIT,1702065559203,10.0,88.666
TRBUSDT,BUY,LIMIT,1702065710083,0.1,91.622
TRBUSDT,BUY,LIMIT,1702065713012,2.7,91.765
TRBUSDT,BUY,LIMIT,1702065744764,0.8,91.790
TRBUSDT,BUY,LIMIT,1702065751795,4.2,91.821
TRBUSDT,BUY,LIMIT,1702065755955,1.2,92.023
TRBUSDT,SELL,LIMIT,1702065985841,54.4,89.056
TRBUSDT,BUY,LIMIT,1702066248776,3.4,91.515
TRBUSDT,SELL,LIMIT,1702066867551,4.9,88.415
TRBUSDT,SELL,LIMIT,1702066911331,15.5,88.348
TRBUSDT,BUY,LIMIT,1702067484432,29.3,90.964
TRBUSDT,BUY,LIMIT,1702067635722,1.1,91.180
TRBUSDT,BUY,LIMIT,1702067774560,0.9,91.100
TRBUSDT,BUY,LIMIT,1702068203078,0.1,91.081
TRBUSDT,BUY,LIMIT,1702069078918,0.4,91.155
TRBUSDT,SELL,LIMIT,1702069226364,12.0,88.344
TRBUSDT,SELL,LIMIT,1702069824438,1.5,88.120
TRBUSDT,SELL,LIMIT,1702070521483,5.0,88.516
TRBUSDT,BUY,LIMIT,1702070627253,5.0,90.947
TRBUSDT,BUY,LIMIT,1702070630265,0.2,90.367
TRBUSDT,BUY,LIMIT,1702070658184,10.0,90.839
TRBUSDT,SELL,LIMIT,1702070679072,5.7,88.002
TRBUSDT,SELL,LIMIT,1702070680420,1.3,87.994
TRBUSDT,BUY,LIMIT,1702071716094,16.5,91.366
TRBUSDT,BUY,LIMIT,1702071741591,0.8,91.439
TRBUSDT,BUY,LIMIT,1702072275658,0.3,91.639
TRBUSDT,BUY,LIMIT,1702072412669,10.1,91.786
TRBUSDT,BUY,LIMIT,1702072414195,10.9,91.896
TRBUSDT,SELL,LIMIT,1702072925668,13.0,88.470
TRBUSDT,BUY,LIMIT,1702073522161,48.1,91.586
TRBUSDT,BUY,LIMIT,1702073532287,20.3,91.664
TRBUSDT,SELL,LIMIT,1702074748388,6.6,88.500
TRBUSDT,BUY,LIMIT,1702076283115,55.8,90.971
TRBUSDT,BUY,LIMIT,1702076718065,6.0,91.416
TRBUSDT,BUY,LIMIT,1702077165808,0.1,91.723
TRBUSDT,BUY,LIMIT,1702078177082,38.6,91.602
TRBUSDT,BUY,LIMIT,1702078515246,0.2,86.396
TRBUSDT,BUY,LIMIT,1702078636760,2.0,91.605
TRBUSDT,SELL,LIMIT,1702078819521,0.2,88.608
TRBUSDT,SELL,LIMIT,1702079991089,11.0,88.437
TRBUSDT,SELL,LIMIT,1702079993634,0.1,88.424
TRBUSDT,SELL,LIMIT,1702080056102,0.3,88.560
TRBUSDT,BUY,LIMIT,1702080246123,0.3,91.796
TRBUSDT,BUY,LIMIT,1702080271338,3.5,91.910
TRBUSDT,BUY,LIMIT,1702080301456,1.2,92.085
TRBUSDT,BUY,LIMIT,1702080303776,0.1,92.133
TRBUSDT,BUY,LIMIT,1702080305121,2.0,92.196
TRBUSDT,BUY,LIMIT,1702080402587,2.4,92.288
TRBUSDT,BUY,LIMIT,1702080550820,1.5,91.803
TRBUSDT,SELL,LIMIT,1702081251141,19.9,88.611
TRBUSDT,BUY,LIMIT,1702081735000,27.7,91.911
TRBUSDT,BUY,LIMIT,1702081761159,1.5,91.947
TRBUSDT,BUY,LIMIT,1702081984546,2.2,91.923
TRBUSDT,BUY,LIMIT,1702082043685,0.4,92.039
TRBUSDT,BUY,LIMIT,1702082117688,4.4,92.418
TRBUSDT,BUY,LIMIT,1702082123464,0.2,92.507
TRBUSDT,BUY,LIMIT,1702082742250,10.0,92.596
TRBUSDT,BUY,LIMIT,1702082744168,9.4,92.893
TRBUSDT,BUY,LIMIT,1702082745334,3.3,92.931
TRBUSDT,BUY,LIMIT,1702082974937,3.5,92.534
TRBUSDT,SELL,LIMIT,1702083081800,4.2,89.584
TRBUSDT,BUY,LIMIT,1702083126195,2.4,92.371
TRBUSDT,SELL,LIMIT,1702083596305,2.9,89.708
TRBUSDT,SELL,LIMIT,1702083640290,7.1,89.519
TRBUSDT,SELL,LIMIT,1702083765465,25.1,89.386
TRBUSDT,SELL,LIMIT,1702083784369,3.6,89.318
TRBUSDT,SELL,LIMIT,1702083817088,11.1,89.255
TRBUSDT,SELL,LIMIT,1702084068433,1.2,88.737
TRBUSDT,SELL,LIMIT,1702084088404,5.3,88.441
TRBUSDT,SELL,LIMIT,1702084093496,54.7,88.390
TRBUSDT,SELL,LIMIT,1702084099475,11.6,88.352
TRBUSDT,SELL,LIMIT,1702084100486,11.6,87.104
TRBUSDT,SELL,LIMIT,1702084102055,93.5,86.708
TRBUSDT,SELL,LIMIT,1702084103057,2.2,86.839
TRBUSDT,SELL,LIMIT,1702084104081,10.0,85.554
TRBUSDT,BUY,LIMIT,1702084200891,0.3,87.976
TRBUSDT,SELL,LIMIT,1702084294769,5.9,86.656
TRBUSDT,BUY,LIMIT,1702084536607,1.7,90.070
TRBUSDT,BUY,LIMIT,1702084546239,0.9,90.448
TRBUSDT,BUY,LIMIT,1702084609939,45.0,90.711
TRBUSDT,SELL,LIMIT,1702085940689,32.1,87.730
TRBUSDT,SELL,LIMIT,1702086083269,20.0,87.482
TRBUSDT,SELL,LIMIT,1702086086111,4.2,87.407
TRBUSDT,SELL,LIMIT,1702086087479,56.2,87.353
TRBUSDT,SELL,LIMIT,1702087259516,1.3,87.046
TRBUSDT,SELL,LIMIT,1702087283377,0.6,86.944
TRBUSDT,SELL,LIMIT,1702087468331,0.3,86.687
TRBUSDT,SELL,LIMIT,1702089640976,3.2,87.115
TRBUSDT,SELL,LIMIT,1702090304145,3.0,87.042
TRBUSDT,SELL,LIMIT,1702090505196,11.0,86.957
TRBUSDT,BUY,LIMIT,1702091304427,27.7,90.040
TRBUSDT,BUY,LIMIT,1702091759194,1.3,90.188
TRBUSDT,BUY,LIMIT,1702091805354,3.7,90.370
TRBUSDT,BUY,LIMIT,1702091859062,0.1,90.530
TRBUSDT,SELL,LIMIT,1702094349276,26.1,87.226
TRBUSDT,BUY,LIMIT,1702094710399,4.2,90.673
TRBUSDT,BUY,LIMIT,1702094757471,1.5,90.487
TRBUSDT,BUY,LIMIT,1702095764308,0.3,90.129
TRBUSDT,BUY,LIMIT,1702098938240,1.5,90.611
TRBUSDT,SELL,LIMIT,1702099283056,1.1,87.464
TRBUSDT,SELL,LIMIT,1702099642430,8.8,87.089
TRBUSDT,SELL,LIMIT,1702099648095,0.2,86.986
TRBUSDT,SELL,LIMIT,1702099649319,0.4,86.985
TRBUSDT,SELL,LIMIT,1702099663307,2.2,86.887
TRBUSDT,SELL,LIMIT,1702099664515,0.1,86.893
TRBUSDT,BUY,LIMIT,1702100556365,0.6,90.115
TRBUSDT,BUY,LIMIT,1702100568341,2.6,90.303
TRBUSDT,BUY,LIMIT,1702100709204,16.4,90.553
TRBUSDT,BUY,LIMIT,1702100720322,0.5,90.866
TRBUSDT,BUY,LIMIT,1702100721623,3.7,91.040
TRBUSDT,BUY,LIMIT,1702100727269,0.4,91.120
TRBUSDT,BUY,LIMIT,1702100728319,39.7,91.164
TRBUSDT,BUY,LIMIT,1702100730189,0.2,91.367
TRBUSDT,BUY,LIMIT,1702100799303,6.1,91.378
TRBUSDT,BUY,LIMIT,1702100800684,0.5,91.400
TRBUSDT,SELL,LIMIT,1702100814345,0.9,88.258
TRBUSDT,BUY,LIMIT,1702100956022,101.4,91.766
TRBUSDT,BUY,LIMIT,1702100957845,9.0,91.763
TRBUSDT,BUY,LIMIT,1702100994618,29.5,91.853
TRBUSDT,BUY,LIMIT,1702100995833,10.0,91.908
TRBUSDT,BUY,LIMIT,1702100998250,2.6,92.027
TRBUSDT,BUY,LIMIT,1702101199372,0.9,92.153
TRBUSDT,BUY,LIMIT,1702102074002,2.7,91.524
TRBUSDT,SELL,LIMIT,1702102293217,10.3,88.380
TRBUSDT,BUY,LIMIT,1702102344301,5.7,91.063
TRBUSDT,BUY,LIMIT,1702102356638,1.3,91.083
TRBUSDT,BUY,LIMIT,1702102361560,1.5,91.069
TRBUSDT,BUY,LIMIT,1702102906902,0.1,91.146
TRBUSDT,BUY,LIMIT,1702102929864,1.5,91.202
TRBUSDT,BUY,LIMIT,1702103376622,2.4,91.443
TRBUSDT,SELL,LIMIT,1702103513212,0.5,88.395
TRBUSDT,BUY,LIMIT,1702104379040,18.5,91.839
TRBUSDT,BUY,LIMIT,1702104493199,25.0,91.859
TRBUSDT,BUY,LIMIT,1702104686314,3.6,91.945
TRBUSDT,BUY,LIMIT,1702104687818,1.2,92.038
TRBUSDT,BUY,LIMIT,1702104704086,3.9,92.276
TRBUSDT,BUY,LIMIT,1702104706191,55.3,92.401
TRBUSDT,BUY,LIMIT,1702104707374,9.8,92.509
TRBUSDT,BUY,LIMIT,1702104708475,0.6,92.707
TRBUSDT,BUY,LIMIT,1702104875241,0.9,92.751
TRBUSDT,BUY,LIMIT,1702104923321,1.0,93.104
TRBUSDT,BUY,LIMIT,1702104927085,5.6,93.159
TRBUSDT,BUY,LIMIT,1702104929131,2.8,93.478
TRBUSDT,BUY,LIMIT,1702104930187,17.5,93.921
TRBUSDT,BUY,LIMIT,1702104931229,1.1,93.893
TRBUSDT,SELL,LIMIT,1702104934101,0.2,91.064
TRBUSDT,BUY,LIMIT,1702104947895,0.2,94.070
TRBUSDT,BUY,LIMIT,1702104949031,0.1,94.172
TRBUSDT,BUY,LIMIT,1702104950881,0.8,94.256
TRBUSDT,BUY,LIMIT,1702104957716,58.7,94.369
TRBUSDT,BUY,LIMIT,1702104960062,0.5,94.339
TRBUSDT,BUY,LIMIT,1702104961085,5.9,94.350
TRBUSDT,BUY,LIMIT,1702104963890,0.4,94.343
TRBUSDT,BUY,LIMIT,1702104965089,83.4,94.540
TRBUSDT,BUY,LIMIT,1702104966498,1.1,94.422
TRBUSDT,BUY,LIMIT,1702104968751,1.1,94.509
TRBUSDT,BUY,LIMIT,1702104980048,0.5,94.605
TRBUSDT,BUY,LIMIT,1702104981256,10.0,94.596
TRBUSDT,BUY,LIMIT,1702104982278,61.7,94.722
TRBUSDT,BUY,LIMIT,1702104984838,1.7,94.696
TRBUSDT,BUY,LIMIT,1702104986432,4.5,94.753
TRBUSDT,BUY,LIMIT,1702104987775,2.7,94.814
TRBUSDT,BUY,LIMIT,1702104994477,2.1,94.933
TRBUSDT,SELL,LIMIT,1702105028428,5.7,91.431
TRBUSDT,SELL,LIMIT,1702105058902,27.2,90.944
TRBUSDT,SELL,LIMIT,1702105359747,0.5,90.467
TRBUSDT,SELL,LIMIT,1702105468048,14.3,89.639
TRBUSDT,SELL,LIMIT,1702105469227,1.7,89.456
TRBUSDT,SELL,LIMIT,1702105493873,18.0,89.162
TRBUSDT,SELL,LIMIT,1702106564180,0.8,89.806
TRBUSDT,SELL,LIMIT,1702106609394,1.7,89.503
TRBUSDT,SELL,LIMIT,1702106622134,1.6,89.418
TRBUSDT,BUY,LIMIT,1702107227748,0.1,93.040
TRBUSDT,BUY,LIMIT,1702107384479,0.8,92.915
TRBUSDT,BUY,LIMIT,1702107524333,15.0,92.758
TRBUSDT,BUY,LIMIT,1702107809459,2.8,93.152
TRBUSDT,BUY,LIMIT,1702107983018,22.8,92.610
TRBUSDT,BUY,LIMIT,1702108072431,0.1,92.233
TRBUSDT,BUY,LIMIT,1702108817954,0.1,92.783
TRBUSDT,SELL,LIMIT,1702109101219,5.5,89.841
TRBUSDT,BUY,LIMIT,1702109244833,2.3,92.789
TRBUSDT,SELL,LIMIT,1702109566492,0.7,89.395
TRBUSDT,SELL,LIMIT,1702109572904,2.8,89.301
TRBUSDT,BUY,LIMIT,1702109723380,58.3,92.361
TRBUSDT,BUY,LIMIT,1702109726270,2.5,92.363
TRBUSDT,BUY,LIMIT,1702109768134,25.0,92.741
TRBUSDT,BUY,LIMIT,1702109775133,26.1,92.886
TRBUSDT,BUY,LIMIT,1702109779332,9.2,92.984
TRBUSDT,BUY,LIMIT,1702109780749,0.1,92.984
TRBUSDT,BUY,LIMIT,1702109793497,3.8,93.029
TRBUSDT,BUY,LIMIT,1702109796701,0.1,93.054
TRBUSDT,BUY,LIMIT,1702109892379,0.1,93.354
TRBUSDT,SELL,LIMIT,1702110262428,0.1,89.392
TRBUSDT,BUY,LIMIT,1702110276343,7.4,92.120
TRBUSDT,SELL,LIMIT,1702110811969,0.3,89.118
TRBUSDT,SELL,LIMIT,1702110875141,0.5,88.905
TRBUSDT,SELL,LIMIT,1702110876429,3.9,88.903
TRBUSDT,SELL,LIMIT,1702110883801,0.4,88.846
TRBUSDT,SELL,LIMIT,1702110908137,7.1,88.403
TRBUSDT,SELL,LIMIT,1702110970061,0.1,88.399
TRBUSDT,SELL,LIMIT,1702110971346,54.7,88.366
TRBUSDT,SELL,LIMIT,1702110973181,19.7,88.246
TRBUSDT,SELL,LIMIT,1702110975109,1.2,87.808
TRBUSDT,SELL,LIMIT,1702110976193,30.4,88.075
TRBUSDT,SELL,LIMIT,1702110983259,8.1,87.514
TRBUSDT,SELL,LIMIT,1702110984540,5.4,87.521
TRBUSDT,SELL,LIMIT,1702111042546,3.3,87.477
TRBUSDT,SELL,LIMIT,1702111044486,44.7,87.338
TRBUSDT,SELL,LIMIT,1702111045765,0.2,87.258
TRBUSDT,BUY,LIMIT,1702111141928,3.2,90.692
TRBUSDT,SELL,LIMIT,1702111204104,2.6,87.473
TRBUSDT,SELL,LIMIT,1702111378799,9.0,87.224
TRBUSDT,SELL,LIMIT,1702111383573,20.9,87.099
TRBUSDT,SELL,LIMIT,1702111384640,5.4,86.975
TRBUSDT,SELL,LIMIT,1702111386370,21.9,86.831
TRBUSDT,SELL,LIMIT,1702111389158,0.2,86.721
TRBUSDT,SELL,LIMIT,1702111390324,1.5,86.785
TRBUSDT,BUY,LIMIT,1702111398883,17.5,89.927
TRBUSDT,BUY,LIMIT,1702111560993,1.9,90.733
TRBUSDT,BUY,LIMIT,1702111631874,1.3,90.928
TRBUSDT,BUY,LIMIT,1702111683206,7.3,91.659
TRBUSDT,BUY,LIMIT,1702112939952,0.7,92.699
TRBUSDT,BUY,LIMIT,1702112977283,16.8,92.803
TRBUSDT,SELL,LIMIT,1702113185591,6.3,89.788
TRBUSDT,SELL,LIMIT,1702113202250,12.6,89.859
TRBUSDT,SELL,LIMIT,1702114253000,16.1,89.627
TRBUSDT,BUY,LIMIT,1702114278400,10.0,92.254
TRBUSDT,BUY,LIMIT,1702115212975,0.2,92.982
TRBUSDT,SELL,LIMIT,1702115625167,2.9,89.731
TRBUSDT,SELL,LIMIT,1702117407754,1.1,89.580
TRBUSDT,BUY,LIMIT,1702119261583,11.0,93.440
TRBUSDT,BUY,LIMIT,1702119266328,50.8,93.638
TRBUSDT,BUY,LIMIT,1702120930687,2.1,94.022
TRBUSDT,SELL,LIMIT,1702121124103,6.4,90.700
TRBUSDT,BUY,LIMIT,1702121427783,24.5,94.106
TRBUSDT,SELL,LIMIT,1702122692088,0.6,90.288
TRBUSDT,BUY,LIMIT,1702123776193,2.2,93.440
TRBUSDT,BUY,LIMIT,1702124106618,18.6,93.722
TRBUSDT,SELL,LIMIT,1702125121264,0.2,90.306
TRBUSDT,SELL,LIMIT,1702125397335,1.1,90.005
TRBUSDT,SELL,LIMIT,1702125672553,3.8,90.434
TRBUSDT,SELL,LIMIT,1702125886078,7.6,91.972
TRBUSDT,BUY,LIMIT,1702126098231,1.5,94.051
TRBUSDT,SELL,LIMIT,1702129128264,29.5,90.299
TRBUSDT,SELL,LIMIT,1702129280195,0.3,90.018
TRBUSDT,BUY,LIMIT,1702130194060,1.5,93.648
TRBUSDT,BUY,LIMIT,1702130451353,6.0,93.838
TRBUSDT,BUY,LIMIT,1702130473247,0.5,94.029
TRBUSDT,SELL,LIMIT,1702130618394,4.8,90.737
TRBUSDT,BUY,LIMIT,1702131063122,2.3,94.353
TRBUSDT,BUY,LIMIT,1702131065479,0.2,94.528
TRBUSDT,SELL,LIMIT,1702132272158,5.3,91.000
TRBUSDT,SELL,LIMIT,1702132368859,10.2,90.664
TRBUSDT,SELL,LIMIT,1702132441626,10.8,90.618
TRBUSDT,SELL,LIMIT,1702132503852,1.8,90.420
TRBUSDT,SELL,LIMIT,1702132674251,13.3,90.387
TRBUSDT,SELL,LIMIT,1702132916588,8.1,90.610
TRBUSDT,SELL,LIMIT,1702133003243,71.2,90.186
TRBUSDT,SELL,LIMIT,1702133007286,5.6,90.221
TRBUSDT,SELL,LIMIT,1702133014076,0.8,90.516
TRBUSDT,SELL,LIMIT,1702133015626,0.1,93.607
TRBUSDT,SELL,LIMIT,1702133329894,0.4,90.453
TRBUSDT,SELL,LIMIT,1702133346437,1.3,90.316
TRBUSDT,SELL,LIMIT,1702134747413,2.3,91.016
TRBUSDT,SELL,LIMIT,1702135856624,38.1,90.736
TRBUSDT,SELL,LIMIT,1702135859144,0.3,90.686
TRBUSDT,SELL,LIMIT,1702136169227,24.9,90.532
TRBUSDT,BUY,LIMIT,1702136723518,2.1,94.491
TRBUSDT,SELL,LIMIT,1702138208761,53.7,91.213
TRBUSDT,SELL,LIMIT,1702138946714,1.9,91.238
TRBUSDT,SELL,LIMIT,1702138953714,54.0,91.196
TRBUSDT,SELL,LIMIT,1702138966984,4.2,91.036
TRBUSDT,SELL,LIMIT,1702138970031,14.7,90.951
TRBUSDT,SELL,LIMIT,1702139240629,6.3,92.247
TRBUSDT,SELL,LIMIT,1702139297661,9.5,91.064
TRBUSDT,BUY,LIMIT,1702139713769,26.9,94.546
TRBUSDT,BUY,LIMIT,1702139716478,114.2,94.971
TRBUSDT,BUY,LIMIT,1702139718515,43.2,94.823
TRBUSDT,BUY,LIMIT,1702141219187,2.0,95.274
TRBUSDT,BUY,LIMIT,1702141274443,51.8,95.547
TRBUSDT,BUY,LIMIT,1702141275558,0.1,95.531
TRBUSDT,SELL,LIMIT,1702141556098,12.9,92.213
TRBUSDT,SELL,LIMIT,1702141565944,0.5,91.870
TRBUSDT,SELL,LIMIT,1702141599239,0.5,92.160
TRBUSDT,SELL,LIMIT,1702141632641,16.2,91.784
TRBUSDT,SELL,LIMIT,1702141644879,1.6,91.665
TRBUSDT,SELL,LIMIT,1702141658245,0.6,91.379
TRBUSDT,SELL,LIMIT,1702141742387,1.1,91.975
TRBUSDT,SELL,LIMIT,1702141855427,5.2,91.312
TRBUSDT,SELL,LIMIT,1702141857951,5.0,91.473
TRBUSDT,SELL,LIMIT,1702142157979,4.7,92.464
TRBUSDT,SELL,LIMIT,1702142777497,4.7,92.208
TRBUSDT,BUY,LIMIT,1702143135072,19.1,95.429
TRBUSDT,BUY,LIMIT,1702143190914,32.9,95.783
TRBUSDT,BUY,LIMIT,1702143225663,0.1,95.899
TRBUSDT,BUY,LIMIT,1702143228368,10.1,95.997
TRBUSDT,BUY,LIMIT,1702143498425,4.3,96.265
TRBUSDT,BUY,LIMIT,1702143499453,9.8,96.298
TRBUSDT,BUY,LIMIT,1702143739377,3.0,96.417
TRBUSDT,BUY,LIMIT,1702143740915,13.1,96.577
TRBUSDT,BUY,LIMIT,1702143742448,202.4,96.976
TRBUSDT,BUY,LIMIT,1702143744432,25.5,96.792
TRBUSDT,BUY,LIMIT,1702143746130,1.5,96.986
TRBUSDT,BUY,LIMIT,1702143747137,18.2,96.850
TRBUSDT,BUY,LIMIT,1702143750174,21.6,97.138
TRBUSDT,BUY,LIMIT,1702143752554,0.1,97.254
TRBUSDT,BUY,LIMIT,1702144212108,0.9,97.345
TRBUSDT,BUY,LIMIT,1702144414103,7.3,97.355
TRBUSDT,BUY,LIMIT,1702144422609,1.1,97.406
TRBUSDT,BUY,LIMIT,1702144425946,1.0,97.487
TRBUSDT,BUY,LIMIT,1702144439661,1.4,97.614
TRBUSDT,BUY,LIMIT,1702144531252,1.0,97.703
TRBUSDT,BUY,LIMIT,1702144534001,9.3,97.742
TRBUSDT,BUY,LIMIT,1702144541053,2.0,97.908
TRBUSDT,BUY,LIMIT,1702144542812,6.1,97.939
TRBUSDT,BUY,LIMIT,1702144609622,0.9,97.969
TRBUSDT,BUY,LIMIT,1702144610721,21.4,97.986
TRBUSDT,BUY,LIMIT,1702144612139,0.5,98.012
TRBUSDT,BUY,LIMIT,1702144614289,1.0,98.054
TRBUSDT,BUY,LIMIT,1702144616843,7.9,98.074
TRBUSDT,BUY,LIMIT,1702144625214,1.7,98.224
TRBUSDT,BUY,LIMIT,1702144626406,4.2,98.190
TRBUSDT,SELL,LIMIT,1702144700852,4.3,94.821
TRBUSDT,SELL,LIMIT,1702144777985,1.6,94.529
TRBUSDT,SELL,LIMIT,1702144780122,51.7,94.480
TRBUSDT,SELL,LIMIT,1702144789519,0.3,94.161
TRBUSDT,SELL,LIMIT,1702144893092,55.1,94.603
TRBUSDT,SELL,LIMIT,1702144923068,1.8,93.957
TRBUSDT,SELL,LIMIT,1702144926329,4.9,93.807
TRBUSDT,SELL,LIMIT,1702144927331,22.2,93.864
TRBUSDT,SELL,LIMIT,1702144939743,2.6,93.498
TRBUSDT,SELL,LIMIT,1702144942340,7.5,93.249
TRBUSDT,SELL,LIMIT,1702144943441,13.7,92.963
TRBUSDT,BUY,LIMIT,1702145130228,3.1,96.340
TRBUSDT,SELL,LIMIT,1702145373292,1.4,92.921
TRBUSDT,SELL,LIMIT,1702145455226,0.9,92.614
TRBUSDT,BUY,LIMIT,1702145866692,0.5,96.317
TRBUSDT,BUY,LIMIT,1702146065523,0.1,96.451
TRBUSDT,BUY,LIMIT,1702146113214,0.2,96.700
TRBUSDT,BUY,LIMIT,1702146118187,0.8,96.839
TRBUSDT,BUY,LIMIT,1702146273493,20.9,97.492
TRBUSDT,BUY,LIMIT,1702146856232,35.1,98.182
TRBUSDT,BUY,LIMIT,1702146875778,15.7,98.271
TRBUSDT,BUY,LIMIT,1702147578106,19.3,98.852
TRBUSDT,BUY,LIMIT,1702147579142,0.5,98.697
TRBUSDT,BUY,LIMIT,1702147597282,3.9,98.778
TRBUSDT,SELL,LIMIT,1702147687991,11.2,95.542
TRBUSDT,BUY,LIMIT,1702148384182,0.2,98.929
TRBUSDT,BUY,LIMIT,1702148387533,2.5,99.087
TRBUSDT,BUY,LIMIT,1702148392995,3.1,99.200
TRBUSDT,BUY,LIMIT,1702148396166,9.2,99.249
TRBUSDT,BUY,LIMIT,1702148397383,7.5,99.276
TRBUSDT,BUY,LIMIT,1702148398625,29.1,99.392
TRBUSDT,BUY,LIMIT,1702148399645,29.6,99.411
TRBUSDT,SELL,LIMIT,1702148462249,4.7,95.436
TRBUSDT,SELL,LIMIT,1702148466048,4.7,95.438
TRBUSDT,SELL,LIMIT,1702148590244,2.5,95.394
TRBUSDT,SELL,LIMIT,1702148592692,3.1,95.363
TRBUSDT,SELL,LIMIT,1702148708213,6.1,95.121
TRBUSDT,SELL,LIMIT,1702148717154,20.3,95.047
TRBUSDT,SELL,LIMIT,1702148719552,38.3,94.810
TRBUSDT,SELL,LIMIT,1702149220843,0.1,94.697
TRBUSDT,SELL,LIMIT,1702149329408,11.7,94.467
TRBUSDT,SELL,LIMIT,1702149334568,6.9,94.435
TRBUSDT,SELL,LIMIT,1702149335825,17.0,94.407
TRBUSDT,SELL,LIMIT,1702149415760,13.0,94.336
TRBUSDT,SELL,LIMIT,1702149548410,0.1,94.192
TRBUSDT,SELL,LIMIT,1702150334314,1.8,94.015
TRBUSDT,SELL,LIMIT,1702150353405,22.9,93.994
TRBUSDT,SELL,LIMIT,1702150724719,5.0,93.827
TRBUSDT,SELL,LIMIT,1702150727972,0.5,93.782
TRBUSDT,BUY,LIMIT,1702151651988,2.5,97.778
TRBUSDT,BUY,LIMIT,1702151664211,3.9,97.847
TRBUSDT,BUY,LIMIT,1702151978911,6.6,97.901
TRBUSDT,SELL,LIMIT,1702153699316,16.9,98.142
TRBUSDT,SELL,LIMIT,1702153705232,9.1,94.635
TRBUSDT,SELL,LIMIT,1702153749097,19.8,94.476
TRBUSDT,SELL,LIMIT,1702153759322,11.2,94.372
TRBUSDT,SELL,LIMIT,1702153769523,3.0,94.169
TRBUSDT,SELL,LIMIT,1702153869548,51.7,94.069
TRBUSDT,SELL,LIMIT,1702153872945,11.0,94.048
TRBUSDT,SELL,LIMIT,1702153874065,34.1,94.038
TRBUSDT,SELL,LIMIT,1702155065436,25.8,94.164
TRBUSDT,BUY,LIMIT,1702155467312,1.2,97.564
TRBUSDT,BUY,LIMIT,1702155468347,0.6,97.690
TRBUSDT,BUY,LIMIT,1702155533233,4.4,97.988
TRBUSDT,SELL,LIMIT,1702155929420,3.5,94.672
TRBUSDT,SELL,LIMIT,1702156346443,10.3,94.713
TRBUSDT,SELL,LIMIT,1702156370224,7.5,94.388
TRBUSDT,BUY,LIMIT,1702156734465,0.3,97.940
TRBUSDT,BUY,LIMIT,1702156736231,1.9,98.013
TRBUSDT,BUY,LIMIT,1702156745975,19.1,98.060
TRBUSDT,BUY,LIMIT,1702156808421,0.1,98.220
TRBUSDT,BUY,LIMIT,1702156811412,0.5,98.266
TRBUSDT,BUY,LIMIT,1702156848310,0.1,98.326
TRBUSDT,BUY,LIMIT,1702157292376,3.4,98.638
TRBUSDT,BUY,LIMIT,1702157414205,0.5,98.399
TRBUSDT,SELL,LIMIT,1702157770264,1.0,95.249
TRBUSDT,SELL,LIMIT,1702158239369,3.8,95.108
TRBUSDT,BUY,LIMIT,1702158657178,18.2,98.778
TRBUSDT,BUY,LIMIT,1702158858788,9.4,98.914
TRBUSDT,BUY,LIMIT,1702159998281,0.5,99.361
TRBUSDT,BUY,LIMIT,1702160021110,39.0,99.463
TRBUSDT,BUY,LIMIT,1702160022559,3.7,99.535
TRBUSDT,BUY,LIMIT,1702160111637,0.1,99.544
TRBUSDT,BUY,LIMIT,1702160120465,0.8,99.587
TRBUSDT,BUY,LIMIT,1702160121500,0.3,99.576
TRBUSDT,BUY,LIMIT,1702160123113,3.5,99.628
TRBUSDT,BUY,LIMIT,1702160125090,0.8,99.839
TRBUSDT,BUY,LIMIT,1702160154845,6.3,99.949
TRBUSDT,BUY,LIMIT,1702160166191,5.1,100.022
TRBUSDT,BUY,LIMIT,1702160167341,15.8,100.099
TRBUSDT,BUY,LIMIT,1702160168635,0.2,100.244
TRBUSDT,SELL,LIMIT,1702160805121,43.9,96.827
TRBUSDT,SELL,LIMIT,1702161016925,41.6,96.424
TRBUSDT,SELL,LIMIT,1702161272356,5.0,96.174
TRBUSDT,SELL,LIMIT,1702161936277,20.3,95.864
TRBUSDT,SELL,LIMIT,1702161949053,12.7,95.038
TRBUSDT,SELL,LIMIT,1702161950281,2.5,95.208
TRBUSDT,SELL,LIMIT,1702162130282,1.8,97.840
TRBUSDT,BUY,LIMIT,1702162170486,1.0,97.580
TRBUSDT,SELL,LIMIT,1702162177079,5.3,94.830
TRBUSDT,SELL,LIMIT,1702162184285,5.2,94.782
TRBUSDT,SELL,LIMIT,1702162185306,3.4,94.773
TRBUSDT,SELL,LIMIT,1702162187528,2.0,94.694
TRBUSDT,SELL,LIMIT,1702162199391,2.5,94.596
TRBUSDT,SELL,LIMIT,1702162202173,0.1,94.421
TRBUSDT,SELL,LIMIT,1702162322160,24.1,94.290
TRBUSDT,SELL,LIMIT,1702162323738,1.2,94.248
TRBUSDT,SELL,LIMIT,1702162533064,51.0,94.269
TRBUSDT,SELL,LIMIT,1702162546077,11.4,93.803
TRBUSDT,SELL,LIMIT,1702162547104,24.2,93.999
TRBUSDT,BUY,LIMIT,1702162731124,2.3,97.760
TRBUSDT,BUY,LIMIT,1702162952408,7.8,98.046
TRBUSDT,SELL,LIMIT,1702164542457,0.3,94.231
TRBUSDT,SELL,LIMIT,1702164546023,0.9,94.130
TRBUSDT,SELL,LIMIT,1702164562795,2.1,94.080
TRBUSDT,SELL,LIMIT,1702164687251,1.0,93.993
TRBUSDT,SELL,LIMIT,1702164746548,1.0,93.857
TRBUSDT,SELL,LIMIT,1702164748189,1.4,93.726
TRBUSDT,SELL,LIMIT,1702164749319,0.9,93.664
TRBUSDT,SELL,LIMIT,1702164750701,9.4,93.539
TRBUSDT,SELL,LIMIT,1702164752009,11.2,93.400
TRBUSDT,SELL,LIMIT,1702164772406,16.8,93.895
TRBUSDT,SELL,LIMIT,1702164791246,10.0,93.509
TRBUSDT,SELL,LIMIT,1702164803436,23.6,93.229
TRBUSDT,SELL,LIMIT,1702164804859,2.1,93.187
TRBUSDT,BUY,LIMIT,1702164807690,0.9,95.860
TRBUSDT,SELL,LIMIT,1702164808768,0.1,93.006
TRBUSDT,SELL,LIMIT,1702164809797,0.5,92.858
TRBUSDT,SELL,LIMIT,1702164810807,3.4,92.860
TRBUSDT,SELL,LIMIT,1702164838928,33.2,93.377
TRBUSDT,BUY,LIMIT,1702166497048,24.9,96.999
TRBUSDT,BUY,LIMIT,1702166501227,1.6,97.019
TRBUSDT,SELL,LIMIT,1702167102347,5.2,93.161
TRBUSDT,BUY,LIMIT,1702168071233,15.3,97.883
TRBUSDT,BUY,LIMIT,1702168267675,0.8,98.286
TRBUSDT,BUY,LIMIT,1702168275456,50.2,98.402
TRBUSDT,SELL,LIMIT,1702168730514,0.3,94.264
TRBUSDT,SELL,LIMIT,1702168888600,3.7,94.087
TRBUSDT,SELL,LIMIT,1702169420308,2.0,93.357
TRBUSDT,SELL,LIMIT,1702169822643,3.6,93.752
TRBUSDT,SELL,LIMIT,1702172457512,0.4,93.414
TRBUSDT,SELL,LIMIT,1702172793486,0.6,93.300
TRBUSDT,SELL,LIMIT,1702172951991,0.3,93.221
TRBUSDT,SELL,LIMIT,1702173161692,40.4,93.106
TRBUSDT,SELL,LIMIT,1702173328647,0.8,92.933
TRBUSDT,SELL,LIMIT,1702173338602,4.0,92.800
TRBUSDT,SELL,LIMIT,1702173812208,20.5,92.644
TRBUSDT,SELL,LIMIT,1702173813838,155.7,92.229
TRBUSDT,SELL,LIMIT,1702173814840,13.5,92.470
TRBUSDT,SELL,LIMIT,1702173815897,230.7,92.037
TRBUSDT,SELL,LIMIT,1702173818155,0.2,92.198
TRBUSDT,SELL,LIMIT,1702174357929,3.8,92.339
TRBUSDT,SELL,LIMIT,1702174547352,10.0,92.150
TRBUSDT,SELL,LIMIT,1702176932216,21.5,92.085
TRBUSDT,SELL,LIMIT,1702177027112,1.0,91.906
TRBUSDT,SELL,LIMIT,1702177028648,0.3,91.782
TRBUSDT,SELL,LIMIT,1702177890143,6.5,91.734
TRBUSDT,SELL,LIMIT,1702177918715,1.2,91.714
TRBUSDT,SELL,LIMIT,1702178032666,0.2,91.703
TRBUSDT,SELL,LIMIT,1702178197253,2.1,91.590
TRBUSDT,SELL,LIMIT,1702178199334,2.7,91.410
TRBUSDT,SELL,LIMIT,1702178201902,2.6,91.452
TRBUSDT,SELL,LIMIT,1702178650961,52.2,91.362
TRBUSDT,SELL,LIMIT,1702178698443,6.0,91.260
TRBUSDT,SELL,LIMIT,1702178699553,5.3,91.102
TRBUSDT,SELL,LIMIT,1702178700600,32.8,90.604
TRBUSDT,SELL,LIMIT,1702178701731,2.6,90.550
TRBUSDT,SELL,LIMIT,1702178702793,25.9,90.289
TRBUSDT,SELL,LIMIT,1702178885632,2.1,90.300
TRBUSDT,SELL,LIMIT,1702178959781,4.4,90.179
TRBUSDT,SELL,LIMIT,1702178968294,0.4,90.167
TRBUSDT,SELL,LIMIT,1702178999347,3.9,90.121
TRBUSDT,SELL,LIMIT,1702179000660,20.2,90.027
TRBUSDT,BUY,LIMIT,1702179166384,20.0,93.432
TRBUSDT,BUY,LIMIT,1702179167427,5.0,93.423
TRBUSDT,BUY,LIMIT,1702183422001,53.0,95.931
TRBUSDT,SELL,LIMIT,1702183905637,0.3,92.597
TRBUSDT,SELL,LIMIT,1702183965466,6.4,92.353
TRBUSDT,BUY,LIMIT,1702186121408,0.4,95.740
TRBUSDT,BUY,LIMIT,1702186593846,0.5,96.085
TRBUSDT,BUY,LIMIT,1702186616470,0.2,96.122
TRBUSDT,SELL,LIMIT,1702188115510,31.6,92.684
TRBUSDT,SELL,LIMIT,1702188200468,7.8,92.577
TRBUSDT,SELL,LIMIT,1702190025044,7.7,92.650
TRBUSDT,SELL,LIMIT,1702190421250,7.2,92.501
TRBUSDT,SELL,LIMIT,1702190816096,16.9,92.503
TRBUSDT,SELL,LIMIT,1702190894179,2.0,92.446
TRBUSDT,BUY,LIMIT,1702191211715,0.2,95.664
TRBUSDT,BUY,LIMIT,1702191557061,0.6,95.463
TRBUSDT,BUY,LIMIT,1702192043749,0.1,95.380
TRBUSDT,SELL,LIMIT,1702192717402,6.9,92.265
TRBUSDT,SELL,LIMIT,1702192748824,0.5,92.172
TRBUSDT,SELL,LIMIT,1702192764156,0.4,92.036
TRBUSDT,SELL,LIMIT,1702192814233,22.1,92.105
TRBUSDT,SELL,LIMIT,1702192881364,21.9,92.243
TRBUSDT,BUY,LIMIT,1702193155092,14.6,95.328
TRBUSDT,SELL,LIMIT,1702193934060,1.4,91.898
TRBUSDT,SELL,LIMIT,1702195878634,0.5,91.601
TRBUSDT,SELL,LIMIT,1702195928693,0.2,91.525
TRBUSDT,BUY,LIMIT,1702196417722,0.3,94.780
TRBUSDT,SELL,LIMIT,1702196708343,1.1,91.437
TRBUSDT,SELL,LIMIT,1702196716406,0.4,91.384
TRBUSDT,SELL,LIMIT,1702196940529,0.7,90.965
TRBUSDT,SELL,LIMIT,1702197052362,0.3,91.069
TRBUSDT,SELL,LIMIT,1702197439219,52.0,91.346
TRBUSDT,SELL,LIMIT,1702197670851,1.6,91.103
TRBUSDT,BUY,LIMIT,1702197782225,10.0,94.264
TRBUSDT,BUY,LIMIT,1702198536172,0.1,94.966
TRBUSDT,SELL,LIMIT,1702200036352,2.6,91.390
TRBUSDT,SELL,LIMIT,1702200731346,16.9,91.637
TRBUSDT,SELL,LIMIT,1702200764326,1.0,91.303
TRBUSDT,SELL,LIMIT,1702200783098,4.0,91.226
TRBUSDT,SELL,LIMIT,1702200795245,2.9,91.093
TRBUSDT,SELL,LIMIT,1702200800475,24.5,91.084
TRBUSDT,SELL,LIMIT,1702200844411,0.4,90.883
TRBUSDT,SELL,LIMIT,1702200890576,0.8,90.675
TRBUSDT,SELL,LIMIT,1702200938302,66.8,90.564
TRBUSDT,SELL,LIMIT,1702201495190,3.0,91.450
TRBUSDT,BUY,LIMIT,1702201541174,0.1,94.744
TRBUSDT,SELL,LIMIT,1702201814586,0.2,91.450
TRBUSDT,SELL,LIMIT,1702201944751,0.1,91.182
TRBUSDT,SELL,LIMIT,1702202234272,34.5,91.119
TRBUSDT,SELL,LIMIT,1702202264406,50.0,91.014
TRBUSDT,SELL,LIMIT,1702202289370,1.0,90.844
TRBUSDT,SELL,LIMIT,1702202313887,0.5,90.811
TRBUSDT,SELL,LIMIT,1702202323057,0.3,90.676
TRBUSDT,SELL,LIMIT,1702202371117,0.7,90.530
TRBUSDT,SELL,LIMIT,1702202372881,10.5,90.502
TRBUSDT,SELL,LIMIT,1702202380319,1.0,90.429
TRBUSDT,SELL,LIMIT,1702202381887,0.1,90.417
TRBUSDT,SELL,LIMIT,1702202388368,1.1,90.368
TRBUSDT,SELL,LIMIT,1702202395555,1.8,90.296
TRBUSDT,BUY,LIMIT,1702203481867,0.3,94.611
TRBUSDT,SELL,LIMIT,1702205070261,0.5,91.212
TRBUSDT,SELL,LIMIT,1702206740010,0.3,91.275
TRBUSDT,SELL,LIMIT,1702208570724,2.4,90.326
TRBUSDT,SELL,LIMIT,1702208816301,0.1,90.204
TRBUSDT,SELL,LIMIT,1702208836494,0.8,90.142
TRBUSDT,SELL,LIMIT,1702208921594,0.4,90.086
TRBUSDT,SELL,LIMIT,1702209367524,1.7,90.040
TRBUSDT,SELL,LIMIT,1702209481494,4.6,89.989
TRBUSDT,BUY,LIMIT,1702209556265,0.6,92.802
TRBUSDT,BUY,LIMIT,1702210579509,4.6,93.869
TRBUSDT,SELL,LIMIT,1702212432199,20.0,90.205
TRBUSDT,SELL,LIMIT,1702212514799,0.1,90.070
TRBUSDT,BUY,LIMIT,1702213486192,1.1,93.551
TRBUSDT,BUY,LIMIT,1702215691306,0.4,93.800
TRBUSDT,BUY,LIMIT,1702216191047,2.5,93.928
TRBUSDT,BUY,LIMIT,1702217180083,9.3,94.487
TRBUSDT,BUY,LIMIT,1702217181311,0.7,94.247
TRBUSDT,BUY,LIMIT,1702217259181,0.4,94.618
TRBUSDT,BUY,LIMIT,1702217548998,1.8,94.777
TRBUSDT,BUY,LIMIT,1702217589877,23.5,95.158
TRBUSDT,BUY,LIMIT,1702217592525,0.2,95.208
TRBUSDT,SELL,LIMIT,1702218028720,1.7,91.977
TRBUSDT,SELL,LIMIT,1702218096494,14.7,91.811
TRBUSDT,BUY,LIMIT,1702218524604,0.1,94.962
TRBUSDT,BUY,LIMIT,1702218911471,2.5,95.175
TRBUSDT,SELL,LIMIT,1702221094133,5.2,91.897
TRBUSDT,SELL,LIMIT,1702221107249,1.0,91.817
TRBUSDT,SELL,LIMIT,1702221109110,1.8,91.792
TRBUSDT,SELL,LIMIT,1702221177902,0.9,91.668
TRBUSDT,SELL,LIMIT,1702221766800,5.2,91.625
TRBUSDT,SELL,LIMIT,1702224269861,0.1,91.413
TRBUSDT,BUY,LIMIT,1702224950336,0.6,94.783
TRBUSDT,SELL,LIMIT,1702227056460,2.1,91.230
TRBUSDT,SELL,LIMIT,1702227104346,9.1,91.178
TRBUSDT,SELL,LIMIT,1702227105443,5.8,91.170
TRBUSDT,SELL,LIMIT,1702229808355,33.1,90.866
TRBUSDT,SELL,LIMIT,1702230122437,43.5,90.704
TRBUSDT,SELL,LIMIT,1702230139876,11.9,90.646
TRBUSDT,SELL,LIMIT,1702230142343,6.6,90.636
TRBUSDT,SELL,LIMIT,1702230145157,3.8,90.612
TRBUSDT,BUY,LIMIT,1702231419083,2.7,93.864
TRBUSDT,BUY,LIMIT,1702232888395,10.7,94.251
TRBUSDT,SELL,LIMIT,1702235845317,5.5,91.191
TRBUSDT,SELL,LIMIT,1702235936239,0.5,91.068
TRBUSDT,SELL,LIMIT,1702236040478,2.1,90.882
TRBUSDT,SELL,LIMIT,1702236118285,1.3,90.516
TRBUSDT,SELL,LIMIT,1702236144226,1.2,90.482
TRBUSDT,SELL,LIMIT,1702236165332,3.0,90.369
TRBUSDT,SELL,LIMIT,1702236167845,0.4,90.236
TRBUSDT,SELL,LIMIT,1702236235412,7.0,90.157
TRBUSDT,BUY,LIMIT,1702236948392,2.1,93.564
TRBUSDT,SELL,LIMIT,1702238605024,5.0,91.672
TRBUSDT,BUY,LIMIT,1702239113138,2.2,94.008
TRBUSDT,BUY,LIMIT,1702240375900,0.7,94.333
TRBUSDT,BUY,LIMIT,1702240744717,0.6,94.430
TRBUSDT,BUY,LIMIT,1702240764155,1.0,94.494
TRBUSDT,SELL,LIMIT,1702243673091,2.3,91.203
TRBUSDT,SELL,LIMIT,1702243713002,0.6,91.155
TRBUSDT,SELL,LIMIT,1702243755427,1.2,91.086
TRBUSDT,BUY,LIMIT,1702246405293,1.8,94.785
TRBUSDT,BUY,LIMIT,1702246471571,5.0,94.916
TRBUSDT,BUY,LIMIT,1702246473335,4.1,94.927
TRBUSDT,SELL,LIMIT,1702250187098,2.3,91.637
TRBUSDT,SELL,LIMIT,1702253763276,2.6,91.482
TRBUSDT,BUY,LIMIT,1702253834533,0.1,94.297
TRBUSDT,BUY,LIMIT,1702254129083,1.2,94.490
TRBUSDT,SELL,LIMIT,1702254923784,3.3,91.218
TRBUSDT,SELL,LIMIT,1702254957631,19.4,90.993
TRBUSDT,SELL,LIMIT,1702254959995,2.1,90.991
TRBUSDT,SELL,LIMIT,1702255889012,8.3,90.812
TRBUSDT,SELL,LIMIT,1702256560508,0.1,90.446
TRBUSDT,SELL,LIMIT,1702256614663,9.1,90.340
TRBUSDT,SELL,LIMIT,1702256618129,0.5,90.331
TRBUSDT,SELL,LIMIT,1702256624301,21.3,90.290
TRBUSDT,SELL,LIMIT,1702256657990,3.7,90.252
TRBUSDT,SELL,LIMIT,1702256714553,8.7,90.199
TRBUSDT,SELL,LIMIT,1702256899829,2.0,90.095
TRBUSDT,SELL,LIMIT,1702256901088,0.1,90.054
TRBUSDT,SELL,LIMIT,1702256911132,0.9,89.983
TRBUSDT,SELL,LIMIT,1702256912234,8.6,90.022
TRBUSDT,SELL,LIMIT,1702256914492,10.0,89.861
TRBUSDT,SELL,LIMIT,1702256915664,38.6,89.924
TRBUSDT,SELL,LIMIT,1702256916713,15.5,89.833
TRBUSDT,SELL,LIMIT,1702256918249,1.5,89.830
TRBUSDT,SELL,LIMIT,1702256929209,1.2,89.816
TRBUSDT,SELL,LIMIT,1702256996719,6.3,89.776
TRBUSDT,SELL,LIMIT,1702257008262,41.7,89.765
TRBUSDT,SELL,LIMIT,1702258488402,0.1,90.759
TRBUSDT,BUY,LIMIT,1702259078875,0.9,94.003
TRBUSDT,BUY,LIMIT,1702259450591,1.6,94.609
TRBUSDT,SELL,LIMIT,1702260321246,2.3,92.826
TRBUSDT,SELL,LIMIT,1702260429535,0.4,91.598
TRBUSDT,SELL,LIMIT,1702260436381,0.1,92.730
TRBUSDT,SELL,LIMIT,1702260437985,0.3,91.342
TRBUSDT,BUY,LIMIT,1702260439933,0.5,93.990
TRBUSDT,BUY,LIMIT,1702260536099,7.8,94.919
TRBUSDT,BUY,LIMIT,1702260583486,7.6,95.183
TRBUSDT,BUY,LIMIT,1702260623356,23.2,94.769
TRBUSDT,BUY,LIMIT,1702260628389,1.0,94.687
TRBUSDT,SELL,LIMIT,1702260636231,0.1,91.208
TRBUSDT,SELL,LIMIT,1702260689634,40.0,91.605
TRBUSDT,SELL,LIMIT,1702260705479,53.7,92.329
TRBUSDT,SELL,LIMIT,1702260709019,5.9,90.976
TRBUSDT,BUY,LIMIT,1702260711571,1.1,93.629
TRBUSDT,SELL,LIMIT,1702260712655,21.2,91.090
TRBUSDT,SELL,LIMIT,1702260713925,54.3,90.825
TRBUSDT,SELL,LIMIT,1702260714934,53.4,90.657
TRBUSDT,SELL,LIMIT,1702260716918,7.3,90.549
TRBUSDT,SELL,LIMIT,1702260718456,0.6,90.213
TRBUSDT,SELL,LIMIT,1702260720428,0.7,92.447
TRBUSDT,SELL,LIMIT,1702260722628,2.2,90.541
TRBUSDT,SELL,LIMIT,1702260723672,20.5,90.392
TRBUSDT,SELL,LIMIT,1702260725215,2.6,90.367
TRBUSDT,SELL,LIMIT,1702260726514,16.0,90.407
TRBUSDT,SELL,LIMIT,1702260727515,1.0,90.155
TRBUSDT,SELL,LIMIT,1702260728913,0.3,90.117
TRBUSDT,SELL,LIMIT,1702260730459,1.3,90.125
TRBUSDT,SELL,LIMIT,1702260731766,33.0,90.024
TRBUSDT,SELL,LIMIT,1702260733063,4.2,89.915
TRBUSDT,SELL,LIMIT,1702260735658,60.0,89.942
TRBUSDT,SELL,LIMIT,1702260736661,10.1,91.281
TRBUSDT,SELL,LIMIT,1702260737680,2.1,92.944
TRBUSDT,SELL,LIMIT,1702260739295,4.6,89.856
TRBUSDT,SELL,LIMIT,1702260740782,7.1,89.817
TRBUSDT,BUY,LIMIT,1702260741850,27.2,91.486
TRBUSDT,SELL,LIMIT,1702260742929,0.2,101.031
TRBUSDT,SELL,LIMIT,1702260744014,4.4,89.789
TRBUSDT,BUY,LIMIT,1702260745019,0.1,90.357
TRBUSDT,SELL,LIMIT,1702260746258,21.7,89.953
TRBUSDT,BUY,LIMIT,1702260747603,43.6,91.334
TRBUSDT,SELL,LIMIT,1702260748727,0.9,89.607
TRBUSDT,SELL,LIMIT,1702260749796,1.2,89.411
TRBUSDT,SELL,LIMIT,1702260750964,2.3,89.558
TRBUSDT,SELL,LIMIT,1702260752303,76.1,89.254
TRBUSDT,SELL,LIMIT,1702260753372,5.1,89.344
TRBUSDT,SELL,LIMIT,1702260754705,4.7,89.447
TRBUSDT,SELL,LIMIT,1702260756203,30.5,89.231
TRBUSDT,SELL,LIMIT,1702260757280,6.5,89.223
TRBUSDT,SELL,LIMIT,1702260758343,64.5,89.060
TRBUSDT,SELL,LIMIT,1702260759470,24.6,88.978
TRBUSDT,BUY,LIMIT,1702260760469,5.5,91.637
TRBUSDT,BUY,LIMIT,1702260761803,28.2,91.637
TRBUSDT,SELL,LIMIT,1702260763588,0.3,89.108
TRBUSDT,BUY,LIMIT,1702260764661,0.2,92.020
TRBUSDT,SELL,LIMIT,1702260766245,6.2,89.500
TRBUSDT,SELL,LIMIT,1702260767253,8.3,89.463
TRBUSDT,BUY,LIMIT,1702260768265,7.8,91.665
TRBUSDT,SELL,LIMIT,1702260769678,0.6,89.948
TRBUSDT,SELL,LIMIT,1702260770815,3.0,88.918
TRBUSDT,SELL,LIMIT,1702260771821,50.0,88.934
TRBUSDT,SELL,LIMIT,1702260772843,109.6,88.684
TRBUSDT,SELL,LIMIT,1702260773931,7.3,89.176
TRBUSDT,SELL,LIMIT,1702260774946,1.7,89.186
TRBUSDT,SELL,LIMIT,1702260776037,5.0,89.019
TRBUSDT,SELL,LIMIT,1702260777465,26.8,89.212
TRBUSDT,BUY,LIMIT,1702260778670,6.6,91.863
TRBUSDT,SELL,LIMIT,1702260780394,50.0,89.258
TRBUSDT,SELL,LIMIT,1702260781562,1.8,89.329
TRBUSDT,SELL,LIMIT,1702260782624,2.5,89.055
TRBUSDT,SELL,LIMIT,1702260783660,0.7,89.055
TRBUSDT,SELL,LIMIT,1702260784732,1.9,88.952
TRBUSDT,SELL,LIMIT,1702260785898,1.4,92.584
TRBUSDT,SELL,LIMIT,1702260787372,42.5,90.649
TRBUSDT,BUY,LIMIT,1702260788470,21.4,91.672
TRBUSDT,SELL,LIMIT,1702260789629,2.8,88.960
TRBUSDT,SELL,LIMIT,1702260790771,16.5,88.688
TRBUSDT,SELL,LIMIT,1702260791944,3.4,90.669
TRBUSDT,SELL,LIMIT,1702260792958,399.1,87.808
TRBUSDT,SELL,LIMIT,1702260793967,14.2,87.948
TRBUSDT,SELL,LIMIT,1702260795272,20.0,87.991
TRBUSDT,SELL,LIMIT,1702260796548,8.9,87.812
TRBUSDT,SELL,LIMIT,1702260797560,1.1,94.521
TRBUSDT,SELL,LIMIT,1702260799205,1.6,87.711
TRBUSDT,BUY,LIMIT,1702260800225,1.5,90.326
TRBUSDT,SELL,LIMIT,1702260801416,8.5,87.953
TRBUSDT,SELL,LIMIT,1702260802447,0.8,87.875
TRBUSDT,SELL,LIMIT,1702260804586,2.0,89.150
TRBUSDT,SELL,LIMIT,1702260805610,10.9,87.855
TRBUSDT,SELL,LIMIT,1702260806913,2.4,87.838
TRBUSDT,SELL,LIMIT,1702260808274,292.7,87.593
TRBUSDT,SELL,LIMIT,1702260809318,30.0,87.715
TRBUSDT,SELL,LIMIT,1702260810370,21.7,87.514
TRBUSDT,SELL,LIMIT,1702260811459,2.1,87.229
TRBUSDT,SELL,LIMIT,1702260812633,10.2,87.211
TRBUSDT,SELL,LIMIT,1702260813910,2.6,86.992
TRBUSDT,SELL,LIMIT,1702260815987,0.2,87.439
TRBUSDT,SELL,LIMIT,1702260817608,15.0,88.736
TRBUSDT,SELL,LIMIT,1702260818721,2.1,88.082
TRBUSDT,SELL,LIMIT,1702260819915,1.0,88.268
TRBUSDT,SELL,LIMIT,1702260822815,0.9,88.463
TRBUSDT,SELL,LIMIT,1702260834169,3.0,88.495
TRBUSDT,BUY,LIMIT,1702260840392,0.5,91.227
TRBUSDT,SELL,LIMIT,1702260855263,5.2,87.973
TRBUSDT,SELL,LIMIT,1702260857226,2.5,87.145
TRBUSDT,SELL,LIMIT,1702260858246,0.3,86.921
TRBUSDT,BUY,LIMIT,1702260861356,0.1,91.091
TRBUSDT,SELL,LIMIT,1702260871885,1.0,89.733
TRBUSDT,BUY,LIMIT,1702260910158,0.1,91.995
TRBUSDT,BUY,LIMIT,1702260915757,3.5,92.114
TRBUSDT,SELL,LIMIT,1702260980427,38.3,89.153
TRBUSDT,BUY,LIMIT,1702261099058,0.6,93.292
TRBUSDT,BUY,LIMIT,1702261106633,2.9,93.786
TRBUSDT,BUY,LIMIT,1702261113726,6.0,94.158
TRBUSDT,BUY,LIMIT,1702261114852,44.8,94.468
TRBUSDT,BUY,LIMIT,1702261120188,3.2,94.791
TRBUSDT,BUY,LIMIT,1702261148247,32.1,95.241
TRBUSDT,BUY,LIMIT,1702261152159,11.5,95.562
TRBUSDT,BUY,LIMIT,1702261172390,3.1,96.027
TRBUSDT,BUY,LIMIT,1702261174166,13.2,96.144
TRBUSDT,BUY,LIMIT,1702261190244,10.9,96.808
TRBUSDT,BUY,LIMIT,1702261191413,14.9,96.663
TRBUSDT,BUY,LIMIT,1702261193314,10.4,96.858
TRBUSDT,BUY,LIMIT,1702261195086,2.1,97.014
TRBUSDT,BUY,LIMIT,1702261196240,3.3,97.284
TRBUSDT,SELL,LIMIT,1702261213346,0.5,93.676
TRBUSDT,SELL,LIMIT,1702261282237,0.2,92.716
TRBUSDT,BUY,LIMIT,1702261331092,4.1,96.425
TRBUSDT,BUY,LIMIT,1702261453275,1.1,97.579
TRBUSDT,BUY,LIMIT,1702261527307,14.5,97.525
TRBUSDT,BUY,LIMIT,1702261576385,3.8,97.647
TRBUSDT,SELL,LIMIT,1702261593205,4.6,94.179
TRBUSDT,BUY,LIMIT,1702261726298,16.7,97.391
TRBUSDT,BUY,LIMIT,1702261777443,3.7,97.673
TRBUSDT,BUY,LIMIT,1702261782474,133.6,98.000
TRBUSDT,BUY,LIMIT,1702261783510,0.1,97.961
TRBUSDT,BUY,LIMIT,1702261785574,3.4,98.120
TRBUSDT,SELL,LIMIT,1702261839932,51.0,94.834
TRBUSDT,SELL,LIMIT,1702261873260,1.1,94.370
TRBUSDT,SELL,LIMIT,1702261877492,1.2,94.129
TRBUSDT,SELL,LIMIT,1702261946002,1.2,93.470
TRBUSDT,SELL,LIMIT,1702261959351,0.5,93.471
TRBUSDT,BUY,LIMIT,1702262043101,52.6,96.787
TRBUSDT,SELL,LIMIT,1702262189924,9.0,94.243
TRBUSDT,SELL,LIMIT,1702262193635,17.0,93.965
TRBUSDT,BUY,LIMIT,1702262357383,4.5,97.158
TRBUSDT,SELL,LIMIT,1702262627309,1.3,94.158
TRBUSDT,SELL,LIMIT,1702262629017,1.0,93.852
TRBUSDT,BUY,LIMIT,1702262736299,4.2,98.324
TRBUSDT,BUY,LIMIT,1702262737422,26.0,98.540
TRBUSDT,BUY,LIMIT,1702262738874,60.0,98.783
TRBUSDT,SELL,LIMIT,1702262844242,52.5,95.232
TRBUSDT,BUY,LIMIT,1702262922455,8.1,99.140
TRBUSDT,BUY,LIMIT,1702262942950,50.0,99.319
TRBUSDT,BUY,LIMIT,1702262945265,3.7,99.815
TRBUSDT,BUY,LIMIT,1702262946463,1.2,99.650
TRBUSDT,BUY,LIMIT,1702262958230,9.8,100.145
TRBUSDT,BUY,LIMIT,1702262959248,70.6,100.321
TRBUSDT,BUY,LIMIT,1702262960633,38.5,100.187
TRBUSDT,BUY,LIMIT,1702262964150,15.3,100.622
TRBUSDT,BUY,LIMIT,1702262965160,0.9,100.829
TRBUSDT,BUY,LIMIT,1702262966590,1.5,100.865
TRBUSDT,BUY,LIMIT,1702262967648,4.9,100.960
TRBUSDT,BUY,LIMIT,1702262978648,44.4,100.969
TRBUSDT,BUY,LIMIT,1702262982148,1.3,101.546
TRBUSDT,BUY,LIMIT,1702262983181,4.0,101.238
TRBUSDT,BUY,LIMIT,1702262985205,1.5,102.065
TRBUSDT,BUY,LIMIT,1702262986364,0.3,101.981
TRBUSDT,BUY,LIMIT,1702262987526,7.2,102.150
TRBUSDT,BUY,LIMIT,1702262988551,0.6,102.394
TRBUSDT,BUY,LIMIT,1702262989591,1.0,102.506
TRBUSDT,BUY,LIMIT,1702262990600,2.8,102.914
TRBUSDT,BUY,LIMIT,1702262991671,0.8,102.861
TRBUSDT,SELL,LIMIT,1702262993455,2.9,99.874
TRBUSDT,SELL,LIMIT,1702262997167,9.8,99.199
TRBUSDT,SELL,LIMIT,1702263011539,10.9,98.552
TRBUSDT,SELL,LIMIT,1702263027015,27.2,97.987
TRBUSDT,BUY,LIMIT,1702263050245,5.1,101.464
TRBUSDT,BUY,LIMIT,1702263055202,1.5,102.177
TRBUSDT,BUY,LIMIT,1702263058904,2.9,102.343
TRBUSDT,SELL,LIMIT,1702263067454,12.1,99.431
TRBUSDT,SELL,LIMIT,1702263072184,4.4,98.803
TRBUSDT,BUY,LIMIT,1702263088513,1.9,102.196
TRBUSDT,BUY,LIMIT,1702263092582,4.9,102.487
TRBUSDT,BUY,LIMIT,1702263093981,0.6,102.714
TRBUSDT,SELL,LIMIT,1702263129362,49.5,98.972
TRBUSDT,BUY,LIMIT,1702263142118,0.1,103.063
TRBUSDT,BUY,LIMIT,1702263143467,0.1,102.996
TRBUSDT,BUY,LIMIT,1702263144605,3.8,103.180
TRBUSDT,BUY,LIMIT,1702263145885,0.1,103.337
TRBUSDT,BUY,LIMIT,1702263147124,17.3,103.428
TRBUSDT,BUY,LIMIT,1702263152305,0.1,103.733
TRBUSDT,BUY,LIMIT,1702263153349,1.0,103.599
TRBUSDT,BUY,LIMIT,1702263168335,0.2,103.907
TRBUSDT,BUY,LIMIT,1702263169196,57.9,104.065
TRBUSDT,BUY,LIMIT,1702263170509,4.8,104.116
TRBUSDT,BUY,LIMIT,1702263171622,1.2,104.306
TRBUSDT,BUY,LIMIT,1702263172750,0.1,104.356
TRBUSDT,SELL,LIMIT,1702263180551,48.6,100.699
TRBUSDT,BUY,LIMIT,1702263208571,2.9,104.090
TRBUSDT,BUY,LIMIT,1702263227555,3.5,103.499
TRBUSDT,SELL,LIMIT,1702263293372,13.6,100.380
TRBUSDT,SELL,LIMIT,1702263297592,5.0,100.094
TRBUSDT,SELL,LIMIT,1702263300124,0.1,99.924
TRBUSDT,BUY,LIMIT,1702263339382,5.6,104.159
TRBUSDT,BUY,LIMIT,1702263340416,4.4,104.325
TRBUSDT,BUY,LIMIT,1702263341444,36.0,104.630
TRBUSDT,SELL,LIMIT,1702263365144,1.0,101.063
TRBUSDT,SELL,LIMIT,1702263429069,39.7,100.896
TRBUSDT,SELL,LIMIT,1702263432478,4.1,100.741
TRBUSDT,SELL,LIMIT,1702263434460,34.9,100.692
TRBUSDT,SELL,LIMIT,1702263437769,3.6,100.557
TRBUSDT,SELL,LIMIT,1702263443163,1.5,100.348
TRBUSDT,SELL,LIMIT,1702263600179,7.4,100.379
TRBUSDT,BUY,LIMIT,1702263626963,2.0,103.978
TRBUSDT,BUY,LIMIT,1702263642570,32.8,103.770
TRBUSDT,BUY,LIMIT,1702263713469,2.6,104.521
TRBUSDT,BUY,LIMIT,1702263717172,9.6,104.947
TRBUSDT,BUY,LIMIT,1702263718206,6.6,104.813
TRBUSDT,BUY,LIMIT,1702263719273,2.9,105.254
TRBUSDT,BUY,LIMIT,1702263720286,0.2,105.081
TRBUSDT,BUY,LIMIT,1702263733432,3.2,104.779
TRBUSDT,SELL,LIMIT,1702263820847,0.8,101.496
TRBUSDT,BUY,LIMIT,1702263879567,7.6,104.917
TRBUSDT,BUY,LIMIT,1702263882069,2.5,105.526
TRBUSDT,BUY,LIMIT,1702263883095,1.0,105.225
TRBUSDT,BUY,LIMIT,1702263884158,3.5,105.819
TRBUSDT,BUY,LIMIT,1702263885772,0.1,105.864
TRBUSDT,BUY,LIMIT,1702263887994,13.8,105.895
TRBUSDT,BUY,LIMIT,1702263957452,0.8,105.978
TRBUSDT,BUY,LIMIT,1702263958558,5.2,106.062
TRBUSDT,BUY,LIMIT,1702263960407,20.7,106.178
TRBUSDT,BUY,LIMIT,1702263961691,7.1,106.242
TRBUSDT,BUY,LIMIT,1702263962864,4.1,106.467
TRBUSDT,BUY,LIMIT,1702263987148,20.4,106.462
TRBUSDT,BUY,LIMIT,1702263999916,0.3,106.550
TRBUSDT,SELL,LIMIT,1702264073135,4.5,102.934
TRBUSDT,SELL,LIMIT,1702264104144,5.8,102.516
TRBUSDT,SELL,LIMIT,1702264119638,5.7,102.431
TRBUSDT,SELL,LIMIT,1702264122211,0.5,102.158
TRBUSDT,SELL,LIMIT,1702264124133,1.3,102.024
TRBUSDT,SELL,LIMIT,1702264125392,4.8,101.971
TRBUSDT,SELL,LIMIT,1702264216011,1.4,101.867
TRBUSDT,SELL,LIMIT,1702264217135,0.3,101.767
TRBUSDT,SELL,LIMIT,1702264225193,0.1,101.525
TRBUSDT,SELL,LIMIT,1702264227238,2.8,101.357
TRBUSDT,SELL,LIMIT,1702264266211,0.7,101.116
TRBUSDT,BUY,LIMIT,1702264391222,1.3,104.260
TRBUSDT,BUY,LIMIT,1702264418596,14.1,104.239
TRBUSDT,SELL,LIMIT,1702264502147,30.0,100.984
TRBUSDT,SELL,LIMIT,1702264507104,24.5,100.788
TRBUSDT,BUY,LIMIT,1702264529207,3.5,104.282
TRBUSDT,BUY,LIMIT,1702264598259,48.7,104.461
TRBUSDT,BUY,LIMIT,1702264611483,19.4,104.925
TRBUSDT,BUY,LIMIT,1702264621488,8.7,105.011
TRBUSDT,BUY,LIMIT,1702264664721,2.8,105.049
TRBUSDT,BUY,LIMIT,1702264688302,3.8,105.337
TRBUSDT,BUY,LIMIT,1702264694876,3.4,105.548
TRBUSDT,BUY,LIMIT,1702264696226,2.1,105.738
TRBUSDT,BUY,LIMIT,1702264698026,0.2,105.771
TRBUSDT,BUY,LIMIT,1702264731178,22.2,105.934
TRBUSDT,BUY,LIMIT,1702264734204,35.8,106.236
TRBUSDT,BUY,LIMIT,1702264738180,0.2,106.479
TRBUSDT,BUY,LIMIT,1702264739242,2.2,106.601
TRBUSDT,BUY,LIMIT,1702264740346,1.8,106.600
TRBUSDT,BUY,LIMIT,1702265099357,1.0,106.412
TRBUSDT,BUY,LIMIT,1702265104223,2.5,106.506
TRBUSDT,BUY,LIMIT,1702265204451,6.1,106.345
TRBUSDT,SELL,LIMIT,1702265271489,0.5,102.490
TRBUSDT,SELL,LIMIT,1702265273563,4.0,102.322
TRBUSDT,SELL,LIMIT,1702265274607,1.8,102.160
TRBUSDT,SELL,LIMIT,1702265294499,10.5,102.026
TRBUSDT,SELL,LIMIT,1702265529294,4.0,101.951
TRBUSDT,SELL,LIMIT,1702265539730,5.0,101.807
TRBUSDT,SELL,LIMIT,1702265546246,1.7,101.443
TRBUSDT,SELL,LIMIT,1702265547325,0.3,101.363
TRBUSDT,SELL,LIMIT,1702265549476,15.3,101.201
TRBUSDT,SELL,LIMIT,1702265622910,18.3,101.180
TRBUSDT,SELL,LIMIT,1702265627570,2.0,101.106
TRBUSDT,SELL,LIMIT,1702265628660,6.9,101.055
TRBUSDT,SELL,LIMIT,1702265632729,44.6,100.926
TRBUSDT,SELL,LIMIT,1702265640126,5.5,100.710
TRBUSDT,SELL,LIMIT,1702265642963,1.8,100.522
TRBUSDT,BUY,LIMIT,1702265821443,2.3,104.504
TRBUSDT,BUY,LIMIT,1702265822724,10.9,104.733
TRBUSDT,BUY,LIMIT,1702266011124,1.0,104.948
TRBUSDT,BUY,LIMIT,1702266017646,48.4,105.267
TRBUSDT,BUY,LIMIT,1702266164050,2.3,105.373
TRBUSDT,BUY,LIMIT,1702266285322,1.4,105.666
TRBUSDT,BUY,LIMIT,1702266336825,0.3,105.581
TRBUSDT,SELL,LIMIT,1702266349770,9.0,102.142
TRBUSDT,SELL,LIMIT,1702266351220,1.9,102.013
TRBUSDT,SELL,LIMIT,1702266359058,15.0,101.784
TRBUSDT,BUY,LIMIT,1702266564198,0.5,105.151
TRBUSDT,SELL,LIMIT,1702266726246,1.4,101.741
TRBUSDT,SELL,LIMIT,1702266756267,0.2,101.451
TRBUSDT,SELL,LIMIT,1702266758406,1.3,101.327
TRBUSDT,SELL,LIMIT,1702267034238,48.5,100.956
TRBUSDT,SELL,LIMIT,1702267036540,20.9,100.927
TRBUSDT,BUY,LIMIT,1702267048267,4.3,104.114
TRBUSDT,BUY,LIMIT,1702267118510,48.5,104.813
TRBUSDT,BUY,LIMIT,1702267318178,4.3,105.348
TRBUSDT,SELL,LIMIT,1702267412035,1.3,101.602
TRBUSDT,SELL,LIMIT,1702267556239,12.4,101.286
TRBUSDT,SELL,LIMIT,1702267559204,3.8,101.243
TRBUSDT,SELL,LIMIT,1702267565170,2.0,101.194
TRBUSDT,SELL,LIMIT,1702267602833,0.4,101.048
TRBUSDT,SELL,LIMIT,1702267700293,0.7,100.771
TRBUSDT,SELL,LIMIT,1702267704966,0.9,100.472
TRBUSDT,BUY,LIMIT,1702267938895,6.3,104.162
TRBUSDT,BUY,LIMIT,1702268111251,3.6,104.742
TRBUSDT,BUY,LIMIT,1702268346832,4.8,104.793
TRBUSDT,BUY,LIMIT,1702268373990,0.5,104.876
TRBUSDT,BUY,LIMIT,1702268444951,5.0,105.067
