Symbol,Side,Order Type,Time,Quantity,Price
TRBUSDT,SELL,LIMIT,1700845614532,0.1,86.518
TRBUSDT,SELL,LIMIT,1700848933740,0.8,84.728
TRBUSDT,SELL,LIMIT,1700850844262,24.0,84.453
TRBUSDT,SELL,LIMIT,1700853030422,0.7,84.319
TRBUSDT,SELL,LIMIT,1700853934079,58.1,84.292
TRBUSDT,BUY,LIMIT,1700859462025,1.0,87.340
TRBUSDT,SELL,LIMIT,1700860293244,0.3,84.300
TRBUSDT,SELL,LIMIT,1700860310637,0.8,84.267
TRBUSDT,SELL,LIMIT,1700861197799,0.2,84.206
TRBUSDT,SELL,LIMIT,1700861199305,6.1,84.184
TRBUSDT,SELL,LIMIT,1700861200452,0.6,84.177
TRBUSDT,SELL,LIMIT,1700861229146,8.9,84.145
TRBUSDT,SELL,LIMIT,1700861232576,2.4,84.140
TRBUSDT,SELL,LIMIT,1700861237200,0.8,84.112
TRBUSDT,SELL,LIMIT,1700861239423,4.5,84.108
TRBUSDT,SELL,LIMIT,1700861646760,19.7,84.030
TRBUSDT,SELL,LIMIT,1700861647902,3.1,84.010
TRBUSDT,SELL,LIMIT,1700863282197,1.5,84.023
TRBUSDT,SELL,LIMIT,1700863605192,1.4,83.948
TRBUSDT,BUY,LIMIT,1700863672292,0.1,71.155
TRBUSDT,SELL,LIMIT,1700863710456,111.5,83.720
TRBUSDT,SELL,LIMIT,1700863716738,18.5,83.910
TRBUSDT,SELL,LIMIT,1700863762791,1.8,83.875
TRBUSDT,SELL,LIMIT,1700863764034,0.2,83.796
TRBUSDT,SELL,LIMIT,1700863765064,106.0,83.583
TRBUSDT,SELL,LIMIT,1700863766092,11.5,83.453
TRBUSDT,SELL,LIMIT,1700863767175,4.0,83.223
TRBUSDT,SELL,LIMIT,1700863768212,84.7,83.159
TRBUSDT,SELL,LIMIT,1700863769268,0.4,83.122
TRBUSDT,SELL,LIMIT,1700863948606,50.5,83.346
TRBUSDT,SELL,LIMIT,1700863953219,18.9,83.239
TRBUSDT,SELL,LIMIT,1700863957066,29.0,83.231
TRBUSDT,SELL,LIMIT,1700863960200,12.7,83.195
TRBUSDT,SELL,LIMIT,1700863963261,1.6,83.124
TRBUSDT,SELL,LIMIT,1700865548271,17.9,83.478
TRBUSDT,SELL,LIMIT,1700867054343,24.8,83.213
TRBUSDT,SELL,LIMIT,1700867183707,6.7,83.190
TRBUSDT,BUY,LIMIT,1700867988306,0.4,86.172
TRBUSDT,SELL,LIMIT,1700870649904,0.8,83.130
TRBUSDT,SELL,LIMIT,1700870651136,3.5,83.073
TRBUSDT,BUY,LIMIT,1700871210004,0.8,86.410
TRBUSDT,BUY,LIMIT,1700873935451,0.6,87.163
TRBUSDT,BUY,LIMIT,1700874056139,0.2,87.294
TRBUSDT,BUY,LIMIT,1700874110192,17.3,87.506
TRBUSDT,BUY,LIMIT,1700874215553,8.1,87.421
TRBUSDT,BUY,LIMIT,1700877567891,0.1,87.713
TRBUSDT,BUY,LIMIT,1700880461219,0.4,87.828
TRBUSDT,BUY,LIMIT,1700881226628,58.4,87.896
TRBUSDT,SELL,LIMIT,1700881829160,22.0,85.048
TRBUSDT,SELL,LIMIT,1700884118061,3.7,84.730
TRBUSDT,BUY,LIMIT,1700893040995,0.1,87.830
TRBUSDT,BUY,LIMIT,1700893149434,16.2,87.863
TRBUSDT,BUY,LIMIT,1700893260752,0.1,87.935
TRBUSDT,BUY,LIMIT,1700893402553,5.1,88.254
TRBUSDT,BUY,LIMIT,1700893478246,1.2,88.377
TRBUSDT,BUY,LIMIT,1700893490467,5.6,88.561
TRBUSDT,BUY,LIMIT,1700893495267,0.1,88.702
TRBUSDT,BUY,LIMIT,1700893497036,2.9,88.938
TRBUSDT,SELL,LIMIT,1700893736272,0.1,85.586
TRBUSDT,BUY,LIMIT,1700894826657,1.3,87.859
TRBUSDT,SELL,LIMIT,1700895370224,0.3,84.972
TRBUSDT,SELL,LIMIT,1700895984940,3.2,84.947
TRBUSDT,SELL,LIMIT,1700896047336,3.4,84.809
TRBUSDT,BUY,LIMIT,1700898515655,0.1,88.066
TRBUSDT,BUY,LIMIT,1700898543655,1.3,88.082
TRBUSDT,SELL,LIMIT,1700900454804,1.9,85.145
TRBUSDT,SELL,LIMIT,1700900611801,1.7,85.061
TRBUSDT,BUY,LIMIT,1700900965762,1.3,88.151
TRBUSDT,SELL,LIMIT,1700902182299,13.4,84.977
TRBUSDT,SELL,LIMIT,1700903007470,2.3,84.858
TRBUSDT,SELL,LIMIT,1700903724400,28.1,84.763
TRBUSDT,SELL,LIMIT,1700903728842,7.4,84.755
TRBUSDT,SELL,LIMIT,1700903737085,2.8,84.745
TRBUSDT,SELL,LIMIT,1700904303277,7.0,84.652
TRBUSDT,SELL,LIMIT,1700904321112,0.5,84.624
TRBUSDT,SELL,LIMIT,1700904328321,6.6,84.592
TRBUSDT,SELL,LIMIT,1700904347320,8.2,84.492
TRBUSDT,SELL,LIMIT,1700904387111,2.9,84.390
TRBUSDT,SELL,LIMIT,1700904936188,3.0,84.320
TRBUSDT,BUY,LIMIT,1700909244472,4.5,87.426
TRBUSDT,SELL,LIMIT,1700911126767,1.4,84.355
TRBUSDT,SELL,LIMIT,1700911145242,30.0,84.266
TRBUSDT,SELL,LIMIT,1700911149063,7.8,84.214
TRBUSDT,SELL,LIMIT,1700911150146,2.8,84.200
TRBUSDT,SELL,LIMIT,1700911151405,3.2,84.145
TRBUSDT,SELL,LIMIT,1700911521958,0.1,84.202
TRBUSDT,SELL,LIMIT,1700912223526,1.7,84.198
TRBUSDT,SELL,LIMIT,1700912462978,43.4,84.056
TRBUSDT,SELL,LIMIT,1700912492178,4.2,83.770
TRBUSDT,SELL,LIMIT,1700912493452,2.0,83.756
TRBUSDT,SELL,LIMIT,1700912494506,12.1,83.552
TRBUSDT,SELL,LIMIT,1700912496138,12.3,83.505
TRBUSDT,SELL,LIMIT,1700912497317,9.7,83.504
TRBUSDT,SELL,LIMIT,1700912501937,25.7,83.599
TRBUSDT,SELL,LIMIT,1700912571082,0.3,83.382
TRBUSDT,SELL,LIMIT,1700912572236,4.1,83.376
TRBUSDT,SELL,LIMIT,1700912573681,3.8,83.349
TRBUSDT,SELL,LIMIT,1700912575466,8.1,83.337
TRBUSDT,SELL,LIMIT,1700912577644,32.4,83.318
TRBUSDT,SELL,LIMIT,1700912579966,2.6,83.252
TRBUSDT,BUY,LIMIT,1700914259073,2.9,87.012
TRBUSDT,SELL,LIMIT,1700918678176,1.5,84.046
TRBUSDT,SELL,LIMIT,1700920432301,3.0,84.395
TRBUSDT,BUY,LIMIT,1700924696373,14.7,86.947
TRBUSDT,BUY,LIMIT,1700927305056,0.3,87.343
TRBUSDT,BUY,LIMIT,1700927789834,1.2,87.446
TRBUSDT,BUY,LIMIT,1700928106043,9.1,87.547
TRBUSDT,BUY,LIMIT,1700928918712,0.5,87.817
TRBUSDT,BUY,LIMIT,1700928930182,46.9,87.818
TRBUSDT,SELL,LIMIT,1700934767266,4.4,84.771
TRBUSDT,SELL,LIMIT,1700934960855,0.4,84.596
