Symbol,Side,Order Type,Time,Quantity,Price
TRBUSDT,SELL,LIMIT,1700989343162,33.5,85.465
TRBUSDT,SELL,LIMIT,1700989390299,2.3,85.464
TRBUSDT,SELL,LIMIT,1700990953695,0.4,85.413
TRBUSDT,SELL,LIMIT,1700991116378,2.5,85.346
TRBUSDT,SELL,LIMIT,1700991127351,6.6,85.297
TRBUSDT,SELL,LIMIT,1700991129870,0.1,85.285
TRBUSDT,SELL,LIMIT,1700991154075,4.0,85.189
TRBUSDT,SELL,LIMIT,1700991156332,0.6,85.134
TRBUSDT,SELL,LIMIT,1700991173898,0.1,85.090
TRBUSDT,SELL,LIMIT,1700995905168,10.5,85.039
TRBUSDT,SELL,LIMIT,1700995923038,0.2,85.000
TRBUSDT,SELL,LIMIT,1700995931036,0.2,84.898
TRBUSDT,SELL,LIMIT,1700995932146,31.8,84.864
TRBUSDT,SELL,LIMIT,1700996145330,5.9,84.854
TRBUSDT,SELL,LIMIT,1700996309443,28.5,84.972
TRBUSDT,SELL,LIMIT,1700999041318,0.1,86.122
TRBUSDT,SELL,LIMIT,1701000423302,58.0,84.945
TRBUSDT,SELL,LIMIT,1701000529290,0.5,84.614
TRBUSDT,SELL,LIMIT,1701000531156,15.6,84.535
TRBUSDT,SELL,LIMIT,1701000533306,0.1,84.495
TRBUSDT,SELL,LIMIT,1701001500892,3.7,84.976
TRBUSDT,SELL,LIMIT,1701003894202,0.2,85.105
TRBUSDT,SELL,LIMIT,1701004138034,7.5,85.071
TRBUSDT,BUY,LIMIT,1701005079706,29.7,87.347
TRBUSDT,SELL,LIMIT,1701005118055,4.4,84.697
TRBUSDT,SELL,LIMIT,1701005159077,20.3,84.641
TRBUSDT,SELL,LIMIT,1701006151711,1.4,84.532
TRBUSDT,SELL,LIMIT,1701006196264,6.3,84.482
TRBUSDT,BUY,LIMIT,1701008180095,7.0,85.275
TRBUSDT,SELL,LIMIT,1701008241057,0.1,84.464
TRBUSDT,SELL,LIMIT,1701008320083,0.8,84.368
TRBUSDT,SELL,LIMIT,1701008321172,8.8,84.380
TRBUSDT,SELL,LIMIT,1701008406103,1.2,84.258
TRBUSDT,SELL,LIMIT,1701008408214,10.9,84.154
TRBUSDT,SELL,LIMIT,1701008409341,1.2,84.106
TRBUSDT,SELL,LIMIT,1701008441077,2.4,84.063
TRBUSDT,SELL,LIMIT,1701008442334,1.2,84.053
TRBUSDT,SELL,LIMIT,1701008444346,5.8,84.025
TRBUSDT,SELL,LIMIT,1701008446128,0.7,83.921
TRBUSDT,SELL,LIMIT,1701008447612,1.1,83.895
TRBUSDT,SELL,LIMIT,1701008449182,2.9,83.828
TRBUSDT,SELL,LIMIT,1701008451099,0.1,83.812
TRBUSDT,SELL,LIMIT,1701009279530,3.8,83.940
TRBUSDT,SELL,LIMIT,1701009281030,0.2,83.886
TRBUSDT,SELL,LIMIT,1701010370256,8.1,83.685
TRBUSDT,SELL,LIMIT,1701010371375,1.8,83.837
TRBUSDT,SELL,LIMIT,1701010375140,2.4,83.642
TRBUSDT,SELL,LIMIT,1701010379025,0.6,83.595
TRBUSDT,SELL,LIMIT,1701010381636,3.0,83.499
TRBUSDT,SELL,LIMIT,1701010864405,4.3,83.802
TRBUSDT,SELL,LIMIT,1701013686278,6.9,83.721
TRBUSDT,SELL,LIMIT,1701013700864,1.4,83.655
TRBUSDT,SELL,LIMIT,1701013739093,45.0,83.551
TRBUSDT,SELL,LIMIT,1701013753345,0.2,83.417
TRBUSDT,SELL,LIMIT,1701013800068,0.9,83.509
TRBUSDT,SELL,LIMIT,1701014041870,1.8,83.405
TRBUSDT,SELL,LIMIT,1701014055722,10.0,83.312
TRBUSDT,SELL,LIMIT,1701014920424,10.0,83.648
TRBUSDT,BUY,LIMIT,1701014993295,11.6,85.410
TRBUSDT,SELL,LIMIT,1701015664671,1.8,83.164
TRBUSDT,SELL,LIMIT,1701015670123,2.0,83.148
TRBUSDT,SELL,LIMIT,1701015671243,10.3,83.122
TRBUSDT,SELL,LIMIT,1701015672403,35.4,82.988
TRBUSDT,SELL,LIMIT,1701015674132,5.3,82.819
TRBUSDT,SELL,LIMIT,1701015675184,2.0,82.877
TRBUSDT,SELL,LIMIT,1701015676273,1.5,82.764
TRBUSDT,SELL,LIMIT,1701015684352,32.4,82.926
TRBUSDT,SELL,LIMIT,1701015685395,24.9,82.993
TRBUSDT,SELL,LIMIT,1701015742172,0.5,82.768
TRBUSDT,SELL,LIMIT,1701015745389,2.3,82.748
TRBUSDT,SELL,LIMIT,1701015747040,0.1,82.597
TRBUSDT,SELL,LIMIT,1701015748122,0.5,82.681
TRBUSDT,SELL,LIMIT,1701015749363,0.7,82.532
TRBUSDT,SELL,LIMIT,1701015750401,7.7,82.524
TRBUSDT,SELL,LIMIT,1701015751518,25.7,82.449
TRBUSDT,SELL,LIMIT,1701015758873,4.7,82.453
TRBUSDT,SELL,LIMIT,1701015761471,2.1,82.401
TRBUSDT,SELL,LIMIT,1701015762536,0.7,82.407
TRBUSDT,SELL,LIMIT,1701015763891,52.5,82.381
TRBUSDT,SELL,LIMIT,1701016019441,1.5,82.461
TRBUSDT,SELL,LIMIT,1701016033157,0.1,82.384
TRBUSDT,SELL,LIMIT,1701016033975,0.3,82.308
TRBUSDT,SELL,LIMIT,1701016035280,0.9,82.263
TRBUSDT,SELL,LIMIT,1701016036349,36.1,82.249
TRBUSDT,SELL,LIMIT,1701016038469,0.3,82.194
TRBUSDT,SELL,LIMIT,1701016041067,1.0,82.167
TRBUSDT,SELL,LIMIT,1701016042136,10.1,82.146
TRBUSDT,SELL,LIMIT,1701016043053,0.9,82.109
TRBUSDT,SELL,LIMIT,1701016044459,0.5,82.054
TRBUSDT,SELL,LIMIT,1701016045353,3.2,82.097
TRBUSDT,SELL,LIMIT,1701016046221,11.5,82.031
TRBUSDT,SELL,LIMIT,1701016047038,3.1,82.026
TRBUSDT,SELL,LIMIT,1701016047869,2.4,82.014
TRBUSDT,SELL,LIMIT,1701016048950,1.1,81.975
TRBUSDT,SELL,LIMIT,1701016051238,11.4,81.965
TRBUSDT,SELL,LIMIT,1701016078160,1.0,81.934
TRBUSDT,SELL,LIMIT,1701016079190,27.5,81.935
TRBUSDT,SELL,LIMIT,1701016080224,15.9,81.876
TRBUSDT,SELL,LIMIT,1701016081185,39.9,81.752
TRBUSDT,SELL,LIMIT,1701016082528,10.0,81.782
TRBUSDT,SELL,LIMIT,1701016083655,2.2,81.589
TRBUSDT,SELL,LIMIT,1701016085113,14.5,81.553
TRBUSDT,SELL,LIMIT,1701016086168,5.0,81.557
TRBUSDT,SELL,LIMIT,1701016087381,77.9,81.423
TRBUSDT,SELL,LIMIT,1701016089042,0.6,81.423
TRBUSDT,SELL,LIMIT,1701016090099,0.1,81.450
TRBUSDT,SELL,LIMIT,1701016095845,6.2,81.450
TRBUSDT,SELL,LIMIT,1701016098056,1.1,81.307
TRBUSDT,SELL,LIMIT,1701016099383,1.2,81.481
TRBUSDT,SELL,LIMIT,1701016100509,8.5,81.229
TRBUSDT,SELL,LIMIT,1701016101397,32.5,81.233
TRBUSDT,SELL,LIMIT,1701016102246,6.6,81.152
TRBUSDT,SELL,LIMIT,1701016103216,24.1,81.066
TRBUSDT,SELL,LIMIT,1701016104157,47.0,81.083
TRBUSDT,SELL,LIMIT,1701016105225,0.1,81.039
TRBUSDT,BUY,LIMIT,1701016119457,0.6,84.091
TRBUSDT,SELL,LIMIT,1701016838246,0.2,82.092
TRBUSDT,BUY,LIMIT,1701018514802,8.3,84.969
TRBUSDT,BUY,LIMIT,1701018529814,0.6,85.038
TRBUSDT,SELL,LIMIT,1701021718797,3.3,82.188
TRBUSDT,SELL,LIMIT,1701022638422,4.6,82.092
TRBUSDT,SELL,LIMIT,1701022672724,1.3,82.058
TRBUSDT,SELL,LIMIT,1701022975161,0.5,81.973
TRBUSDT,SELL,LIMIT,1701022980548,53.2,81.964
TRBUSDT,SELL,LIMIT,1701023181861,52.8,81.854
TRBUSDT,SELL,LIMIT,1701023184485,59.6,81.789
TRBUSDT,SELL,LIMIT,1701023280995,3.2,81.747
TRBUSDT,SELL,LIMIT,1701024645394,11.5,81.635
TRBUSDT,SELL,LIMIT,1701024646601,19.3,81.617
TRBUSDT,SELL,LIMIT,1701024649186,0.2,81.544
TRBUSDT,SELL,LIMIT,1701025757311,1.4,82.009
TRBUSDT,SELL,LIMIT,1701026114212,0.2,81.536
TRBUSDT,BUY,LIMIT,1701027930912,0.1,84.515
TRBUSDT,BUY,LIMIT,1701028391220,60.2,84.603
TRBUSDT,BUY,LIMIT,1701028403447,0.7,84.655
TRBUSDT,BUY,LIMIT,1701029008106,28.1,84.994
TRBUSDT,BUY,LIMIT,1701031388495,0.1,85.318
TRBUSDT,BUY,LIMIT,1701031590373,0.1,81.603
TRBUSDT,BUY,LIMIT,1701031742627,1.0,85.576
TRBUSDT,BUY,LIMIT,1701036377106,3.5,85.383
TRBUSDT,SELL,LIMIT,1701039948430,10.1,82.685
TRBUSDT,SELL,LIMIT,1701040080659,0.6,82.570
TRBUSDT,SELL,LIMIT,1701043561806,3.8,82.354
TRBUSDT,BUY,LIMIT,1701044863305,0.9,85.720
TRBUSDT,BUY,LIMIT,1701044939143,0.1,85.776
TRBUSDT,BUY,LIMIT,1701045377021,3.6,85.838
TRBUSDT,BUY,LIMIT,1701047165486,12.0,86.042
TRBUSDT,BUY,LIMIT,1701047169809,0.2,86.058
TRBUSDT,BUY,LIMIT,1701047182661,59.5,86.160
TRBUSDT,BUY,LIMIT,1701047185696,6.8,86.153
TRBUSDT,BUY,LIMIT,1701047193039,0.4,86.188
TRBUSDT,SELL,LIMIT,1701048521082,0.6,83.061
TRBUSDT,SELL,LIMIT,1701048926077,3.6,82.799
TRBUSDT,SELL,LIMIT,1701050420542,0.4,82.683
TRBUSDT,SELL,LIMIT,1701050884062,9.5,82.415
TRBUSDT,SELL,LIMIT,1701050895159,10.7,82.389
TRBUSDT,SELL,LIMIT,1701051679000,28.7,83.117
TRBUSDT,SELL,LIMIT,1701052376592,0.3,82.342
TRBUSDT,SELL,LIMIT,1701052638614,5.0,82.345
TRBUSDT,SELL,LIMIT,1701052648299,11.2,82.324
TRBUSDT,SELL,LIMIT,1701052869460,0.2,82.254
TRBUSDT,SELL,LIMIT,1701052873073,3.8,82.245
TRBUSDT,SELL,LIMIT,1701053022483,0.1,82.075
TRBUSDT,SELL,LIMIT,1701053172852,0.1,81.896
TRBUSDT,SELL,LIMIT,1701054388998,9.8,81.755
TRBUSDT,SELL,LIMIT,1701054411239,29.3,81.684
TRBUSDT,SELL,LIMIT,1701054996499,15.6,81.575
TRBUSDT,BUY,LIMIT,1701055038747,3.4,84.086
TRBUSDT,SELL,LIMIT,1701055063407,9.5,81.528
TRBUSDT,SELL,LIMIT,1701055084246,8.8,81.499
TRBUSDT,SELL,LIMIT,1701055566072,1.1,81.409
TRBUSDT,SELL,LIMIT,1701055570436,1.0,81.335
TRBUSDT,SELL,LIMIT,1701055613253,1.3,81.298
TRBUSDT,SELL,LIMIT,1701055694965,10.0,81.303
TRBUSDT,SELL,LIMIT,1701055991200,6.6,81.207
TRBUSDT,SELL,LIMIT,1701055995142,1.5,81.185
TRBUSDT,SELL,LIMIT,1701056049590,21.1,81.158
TRBUSDT,SELL,LIMIT,1701056054132,0.1,81.122
TRBUSDT,SELL,LIMIT,1701056056229,38.2,81.109
TRBUSDT,SELL,LIMIT,1701056090518,0.4,81.073
TRBUSDT,SELL,LIMIT,1701056142546,62.6,81.034
TRBUSDT,SELL,LIMIT,1701056145363,0.4,81.043
TRBUSDT,SELL,LIMIT,1701056150275,1.8,81.013
TRBUSDT,SELL,LIMIT,1701056153415,0.3,81.001
TRBUSDT,SELL,LIMIT,1701056164987,0.7,80.952
TRBUSDT,SELL,LIMIT,1701056166076,13.1,80.928
TRBUSDT,SELL,LIMIT,1701056167089,0.2,80.899
TRBUSDT,SELL,LIMIT,1701056168652,57.8,80.828
TRBUSDT,BUY,LIMIT,1701057842852,0.1,84.484
TRBUSDT,BUY,LIMIT,1701058279266,7.0,84.969
TRBUSDT,BUY,LIMIT,1701058283294,5.9,85.011
TRBUSDT,BUY,LIMIT,1701058286778,2.1,85.018
TRBUSDT,BUY,LIMIT,1701058310586,0.2,85.109
TRBUSDT,SELL,LIMIT,1701061759752,13.8,81.893
TRBUSDT,SELL,LIMIT,1701062446285,0.5,81.773
TRBUSDT,SELL,LIMIT,1701062773567,0.5,81.582
TRBUSDT,SELL,LIMIT,1701063172101,50.0,81.560
TRBUSDT,SELL,LIMIT,1701063464828,3.7,81.358
TRBUSDT,SELL,LIMIT,1701063475161,14.2,81.264
TRBUSDT,SELL,LIMIT,1701063914308,22.1,81.012
