Symbol,Side,Order Type,Time,Quantity,Price
TRBUSDT,SELL,LIMIT,1701065007081,0.2,80.509
TRBUSDT,SELL,LIMIT,1701065008105,71.0,80.438
TRBUSDT,SELL,LIMIT,1701065009519,0.4,80.463
TRBUSDT,SELL,LIMIT,1701065023090,59.7,80.424
TRBUSDT,SELL,LIMIT,1701065024132,5.7,80.410
TRBUSDT,SELL,LIMIT,1701065028246,0.9,80.390
TRBUSDT,SELL,LIMIT,1701065032527,0.7,80.366
TRBUSDT,SELL,LIMIT,1701065034927,2.1,80.350
TRBUSDT,BUY,LIMIT,1701065725265,1.2,83.506
TRBUSDT,SELL,LIMIT,1701067336241,60.9,80.426
TRBUSDT,SELL,LIMIT,1701067552201,2.2,80.466
TRBUSDT,SELL,LIMIT,1701067696342,58.7,80.515
TRBUSDT,SELL,LIMIT,1701067735286,5.6,80.337
TRBUSDT,SELL,LIMIT,1701067743757,5.6,80.313
TRBUSDT,SELL,LIMIT,1701067745525,6.4,80.312
TRBUSDT,SELL,LIMIT,1701067747282,111.3,80.185
TRBUSDT,SELL,LIMIT,1701067750374,12.0,80.283
TRBUSDT,SELL,LIMIT,1701067812783,1.1,80.321
TRBUSDT,SELL,LIMIT,1701067822911,0.8,80.282
TRBUSDT,SELL,LIMIT,1701067824000,0.5,80.280
TRBUSDT,SELL,LIMIT,1701067826141,0.9,80.274
TRBUSDT,SELL,LIMIT,1701067827193,4.6,80.236
TRBUSDT,SELL,LIMIT,1701067829179,75.0,80.161
TRBUSDT,SELL,LIMIT,1701067830391,0.2,80.230
TRBUSDT,SELL,LIMIT,1701067869460,0.2,80.201
TRBUSDT,SELL,LIMIT,1701067870461,0.1,80.075
TRBUSDT,SELL,LIMIT,1701067871731,9.3,79.947
TRBUSDT,SELL,LIMIT,1701068118375,8.6,79.885
TRBUSDT,SELL,LIMIT,1701068120754,5.4,79.870
TRBUSDT,SELL,LIMIT,1701068157575,13.7,79.905
TRBUSDT,SELL,LIMIT,1701068164293,3.0,79.853
TRBUSDT,SELL,LIMIT,1701068169177,0.1,79.839
TRBUSDT,SELL,LIMIT,1701068171123,2.8,79.834
TRBUSDT,SELL,LIMIT,1701068172127,2.7,79.830
TRBUSDT,SELL,LIMIT,1701068174280,1.0,79.796
TRBUSDT,SELL,LIMIT,1701068176020,13.8,79.784
TRBUSDT,SELL,LIMIT,1701068177253,38.6,79.724
TRBUSDT,SELL,LIMIT,1701068182474,0.8,79.687
TRBUSDT,SELL,LIMIT,1701068185078,2.5,79.651
TRBUSDT,SELL,LIMIT,1701068187999,0.1,79.637
TRBUSDT,SELL,LIMIT,1701068189575,3.5,79.633
TRBUSDT,SELL,LIMIT,1701068197439,59.9,79.632
TRBUSDT,SELL,LIMIT,1701068198660,6.0,79.602
TRBUSDT,SELL,LIMIT,1701068914334,23.7,79.904
TRBUSDT,SELL,LIMIT,1701068995188,30.0,79.965
TRBUSDT,SELL,LIMIT,1701069009309,2.2,79.975
TRBUSDT,SELL,LIMIT,1701069011041,1.2,79.992
TRBUSDT,SELL,LIMIT,1701069451484,9.9,79.592
TRBUSDT,SELL,LIMIT,1701069454481,0.5,79.572
TRBUSDT,SELL,LIMIT,1701069456049,23.9,79.529
TRBUSDT,SELL,LIMIT,1701069458086,30.4,79.509
TRBUSDT,SELL,LIMIT,1701069459122,8.8,79.488
TRBUSDT,SELL,LIMIT,1701069461536,0.7,79.475
TRBUSDT,SELL,LIMIT,1701069463352,1.0,79.468
TRBUSDT,SELL,LIMIT,1701069517229,25.2,79.404
TRBUSDT,SELL,LIMIT,1701069520208,14.8,79.397
TRBUSDT,SELL,LIMIT,1701069522696,100.9,79.220
TRBUSDT,SELL,LIMIT,1701069527668,11.7,79.357
TRBUSDT,SELL,LIMIT,1701069534655,1.5,79.349
TRBUSDT,SELL,LIMIT,1701069537070,0.2,79.341
TRBUSDT,SELL,LIMIT,1701069538178,2.6,79.341
TRBUSDT,SELL,LIMIT,1701069542179,9.6,79.304
TRBUSDT,SELL,LIMIT,1701069544373,0.5,79.283
TRBUSDT,SELL,LIMIT,1701069546034,3.1,79.280
TRBUSDT,SELL,LIMIT,1701069553658,1.1,79.263
TRBUSDT,SELL,LIMIT,1701069556119,32.1,79.232
TRBUSDT,SELL,LIMIT,1701069635171,0.5,79.187
TRBUSDT,SELL,LIMIT,1701069636238,0.5,79.180
TRBUSDT,SELL,LIMIT,1701069637544,0.4,79.142
TRBUSDT,SELL,LIMIT,1701069638799,0.5,79.118
TRBUSDT,SELL,LIMIT,1701069639905,13.1,79.077
TRBUSDT,SELL,LIMIT,1701069641542,12.0,79.074
TRBUSDT,SELL,LIMIT,1701069797257,4.4,79.272
TRBUSDT,SELL,LIMIT,1701069801625,1.1,79.192
TRBUSDT,SELL,LIMIT,1701069809315,0.2,79.167
TRBUSDT,SELL,LIMIT,1701069821571,9.8,79.192
TRBUSDT,SELL,LIMIT,1701069829092,30.0,79.148
TRBUSDT,SELL,LIMIT,1701069832442,9.8,79.130
TRBUSDT,SELL,LIMIT,1701069833545,1.4,79.054
TRBUSDT,SELL,LIMIT,1701069846602,0.3,79.026
TRBUSDT,SELL,LIMIT,1701069859597,5.7,79.023
TRBUSDT,SELL,LIMIT,1701069869373,0.2,79.012
TRBUSDT,SELL,LIMIT,1701069881193,48.4,79.023
TRBUSDT,SELL,LIMIT,1701070111310,5.0,80.056
TRBUSDT,SELL,LIMIT,1701070167806,29.6,79.225
TRBUSDT,SELL,LIMIT,1701070353076,1.5,78.560
TRBUSDT,SELL,LIMIT,1701070354157,13.4,78.991
TRBUSDT,SELL,LIMIT,1701070355185,9.1,78.346
TRBUSDT,SELL,LIMIT,1701070356253,5.7,78.000
TRBUSDT,SELL,LIMIT,1701070357269,11.1,77.951
TRBUSDT,SELL,LIMIT,1701070358364,25.6,77.938
TRBUSDT,SELL,LIMIT,1701070431192,10.0,78.202
TRBUSDT,SELL,LIMIT,1701070435915,6.9,78.174
TRBUSDT,SELL,LIMIT,1701070437157,11.4,78.146
TRBUSDT,SELL,LIMIT,1701070440129,3.6,78.073
TRBUSDT,SELL,LIMIT,1701070442192,0.4,78.079
TRBUSDT,SELL,LIMIT,1701070995518,24.7,78.414
TRBUSDT,SELL,LIMIT,1701070997392,0.1,78.378
TRBUSDT,SELL,LIMIT,1701071007716,32.6,78.235
TRBUSDT,SELL,LIMIT,1701071015867,0.6,78.159
TRBUSDT,SELL,LIMIT,1701071085166,11.3,77.897
TRBUSDT,SELL,LIMIT,1701071097892,0.5,77.846
TRBUSDT,SELL,LIMIT,1701071211769,1.0,77.854
TRBUSDT,SELL,LIMIT,1701071216186,2.6,77.752
TRBUSDT,SELL,LIMIT,1701071217236,52.5,77.779
TRBUSDT,SELL,LIMIT,1701071218509,3.6,77.654
TRBUSDT,SELL,LIMIT,1701071221110,3.7,77.636
TRBUSDT,SELL,LIMIT,1701071222315,0.9,77.615
TRBUSDT,SELL,LIMIT,1701071223954,0.4,77.583
TRBUSDT,SELL,LIMIT,1701071228117,32.7,77.554
TRBUSDT,SELL,LIMIT,1701071229240,7.7,77.552
TRBUSDT,SELL,LIMIT,1701071231159,116.6,77.365
TRBUSDT,SELL,LIMIT,1701071235183,2.3,77.524
TRBUSDT,SELL,LIMIT,1701071238386,0.6,77.502
TRBUSDT,SELL,LIMIT,1701071239434,5.2,77.497
TRBUSDT,SELL,LIMIT,1701072084055,5.6,77.401
TRBUSDT,SELL,LIMIT,1701072085078,10.0,77.267
TRBUSDT,SELL,LIMIT,1701072087065,0.3,77.171
TRBUSDT,SELL,LIMIT,1701072088129,46.2,77.180
TRBUSDT,SELL,LIMIT,1701072089343,3.1,77.117
TRBUSDT,SELL,LIMIT,1701072095339,11.9,77.021
TRBUSDT,BUY,LIMIT,1701072250394,2.0,79.846
TRBUSDT,BUY,LIMIT,1701072517113,0.1,80.706
TRBUSDT,SELL,LIMIT,1701073848165,2.4,77.486
TRBUSDT,SELL,LIMIT,1701073989077,5.8,77.383
TRBUSDT,SELL,LIMIT,1701074197502,11.0,77.336
TRBUSDT,SELL,LIMIT,1701074339457,13.4,77.641
TRBUSDT,SELL,LIMIT,1701074356476,0.1,77.624
TRBUSDT,SELL,LIMIT,1701074599169,0.3,77.260
TRBUSDT,SELL,LIMIT,1701074627763,0.6,77.143
TRBUSDT,SELL,LIMIT,1701074952064,35.5,77.082
TRBUSDT,SELL,LIMIT,1701074957385,3.3,77.059
TRBUSDT,SELL,LIMIT,1701074963220,0.1,77.021
TRBUSDT,SELL,LIMIT,1701074968191,0.4,76.980
TRBUSDT,SELL,LIMIT,1701074970340,2.0,76.951
TRBUSDT,SELL,LIMIT,1701074972508,0.1,76.951
TRBUSDT,SELL,LIMIT,1701074976806,0.1,76.938
TRBUSDT,SELL,LIMIT,1701075189328,0.4,76.922
TRBUSDT,SELL,LIMIT,1701075190714,1.5,76.898
TRBUSDT,SELL,LIMIT,1701075251378,3.4,76.862
TRBUSDT,SELL,LIMIT,1701075272951,1.0,76.841
TRBUSDT,SELL,LIMIT,1701075288730,6.4,76.838
TRBUSDT,SELL,LIMIT,1701075290005,4.5,76.831
TRBUSDT,SELL,LIMIT,1701075352132,3.3,76.806
TRBUSDT,SELL,LIMIT,1701075353298,19.0,76.792
TRBUSDT,SELL,LIMIT,1701075354329,0.1,76.759
TRBUSDT,SELL,LIMIT,1701075370282,0.1,76.686
TRBUSDT,SELL,LIMIT,1701075372249,1.9,76.652
TRBUSDT,SELL,LIMIT,1701075380053,6.9,76.647
TRBUSDT,SELL,LIMIT,1701075381094,15.4,76.631
TRBUSDT,SELL,LIMIT,1701075382817,0.6,76.622
TRBUSDT,SELL,LIMIT,1701075384133,1.9,76.554
TRBUSDT,SELL,LIMIT,1701075387136,1.5,76.496
TRBUSDT,SELL,LIMIT,1701075388401,6.2,76.486
TRBUSDT,SELL,LIMIT,1701075390513,0.1,76.479
TRBUSDT,SELL,LIMIT,1701075479183,23.4,76.460
TRBUSDT,SELL,LIMIT,1701075554289,0.1,76.467
TRBUSDT,SELL,LIMIT,1701075557064,1.5,76.440
TRBUSDT,SELL,LIMIT,1701075558219,0.2,76.437
TRBUSDT,SELL,LIMIT,1701075574241,0.2,76.414
TRBUSDT,SELL,LIMIT,1701075575524,13.8,76.374
TRBUSDT,BUY,LIMIT,1701075665981,5.0,79.183
TRBUSDT,BUY,LIMIT,1701075765481,28.8,79.474
TRBUSDT,SELL,LIMIT,1701075900776,10.4,76.523
TRBUSDT,SELL,LIMIT,1701075921427,5.1,76.519
TRBUSDT,SELL,LIMIT,1701075937288,1.0,76.456
TRBUSDT,SELL,LIMIT,1701075966267,0.4,76.334
TRBUSDT,SELL,LIMIT,1701075970414,0.3,76.319
TRBUSDT,SELL,LIMIT,1701075972426,5.2,76.307
TRBUSDT,SELL,LIMIT,1701075974146,0.4,76.245
TRBUSDT,SELL,LIMIT,1701075975908,2.0,76.210
TRBUSDT,SELL,LIMIT,1701075977246,8.3,76.190
TRBUSDT,SELL,LIMIT,1701075978980,0.3,76.173
TRBUSDT,SELL,LIMIT,1701075994394,4.2,76.161
TRBUSDT,SELL,LIMIT,1701076022055,57.7,76.122
TRBUSDT,SELL,LIMIT,1701076023694,0.2,76.113
TRBUSDT,SELL,LIMIT,1701076030474,0.5,76.092
TRBUSDT,SELL,LIMIT,1701076031495,0.6,76.035
TRBUSDT,SELL,LIMIT,1701076032812,0.2,75.957
TRBUSDT,SELL,LIMIT,1701076058274,7.9,75.935
TRBUSDT,SELL,LIMIT,1701076061332,10.0,75.882
TRBUSDT,SELL,LIMIT,1701076062387,1.2,75.864
TRBUSDT,SELL,LIMIT,1701076063434,53.0,75.837
TRBUSDT,SELL,LIMIT,1701076065300,12.4,75.721
TRBUSDT,SELL,LIMIT,1701076073475,1.5,75.744
TRBUSDT,SELL,LIMIT,1701076240536,11.8,75.710
TRBUSDT,BUY,LIMIT,1701076295010,10.9,78.485
TRBUSDT,BUY,LIMIT,1701076475076,1.5,78.983
TRBUSDT,SELL,LIMIT,1701076642147,21.0,76.283
TRBUSDT,SELL,LIMIT,1701076678097,0.9,76.064
TRBUSDT,SELL,LIMIT,1701076769254,0.1,75.704
TRBUSDT,SELL,LIMIT,1701076896760,12.2,75.687
TRBUSDT,SELL,LIMIT,1701076898560,2.1,75.666
TRBUSDT,SELL,LIMIT,1701076938501,18.0,75.666
TRBUSDT,SELL,LIMIT,1701076942685,7.5,75.646
TRBUSDT,SELL,LIMIT,1701076943791,59.0,75.563
TRBUSDT,SELL,LIMIT,1701076946040,137.6,75.324
TRBUSDT,SELL,LIMIT,1701076947216,0.4,75.527
TRBUSDT,SELL,LIMIT,1701076948376,20.9,75.505
TRBUSDT,SELL,LIMIT,1701076950488,6.6,75.409
TRBUSDT,SELL,LIMIT,1701077011545,5.6,75.379
TRBUSDT,SELL,LIMIT,1701077016388,9.3,75.374
TRBUSDT,SELL,LIMIT,1701077033174,75.6,75.307
TRBUSDT,SELL,LIMIT,1701077035097,0.2,75.328
TRBUSDT,SELL,LIMIT,1701077036266,2.5,75.326
TRBUSDT,BUY,LIMIT,1701077241362,0.1,77.838
TRBUSDT,SELL,LIMIT,1701077303245,6.3,75.274
TRBUSDT,BUY,LIMIT,1701078549828,0.4,78.128
TRBUSDT,BUY,LIMIT,1701078553461,0.4,78.183
TRBUSDT,BUY,LIMIT,1701078607534,31.4,78.512
TRBUSDT,SELL,LIMIT,1701078910112,12.9,75.798
TRBUSDT,SELL,LIMIT,1701078942854,8.8,75.649
TRBUSDT,SELL,LIMIT,1701078947432,18.7,75.594
TRBUSDT,SELL,LIMIT,1701079225069,0.4,75.228
TRBUSDT,SELL,LIMIT,1701079240297,1.1,75.226
TRBUSDT,SELL,LIMIT,1701079244428,11.9,75.211
TRBUSDT,SELL,LIMIT,1701079525870,3.9,75.470
TRBUSDT,SELL,LIMIT,1701080514468,8.7,75.458
TRBUSDT,SELL,LIMIT,1701080668307,12.5,75.474
TRBUSDT,SELL,LIMIT,1701080753056,1.1,75.408
TRBUSDT,SELL,LIMIT,1701080786097,0.2,75.194
TRBUSDT,SELL,LIMIT,1701080787123,64.7,75.169
TRBUSDT,SELL,LIMIT,1701080789182,0.3,75.081
TRBUSDT,SELL,LIMIT,1701080790210,0.4,75.081
TRBUSDT,SELL,LIMIT,1701080792174,0.3,75.058
TRBUSDT,SELL,LIMIT,1701080793221,6.8,75.004
TRBUSDT,SELL,LIMIT,1701080794225,3.0,74.867
TRBUSDT,SELL,LIMIT,1701080796479,5.6,74.782
TRBUSDT,SELL,LIMIT,1701080803869,9.0,74.764
TRBUSDT,SELL,LIMIT,1701080805215,9.9,74.733
TRBUSDT,SELL,LIMIT,1701080955658,0.1,75.183
TRBUSDT,BUY,LIMIT,1701081084387,0.1,78.494
TRBUSDT,BUY,LIMIT,1701081119583,9.5,78.710
TRBUSDT,BUY,LIMIT,1701081121180,0.3,78.855
TRBUSDT,BUY,LIMIT,1701081122239,16.5,78.908
TRBUSDT,BUY,LIMIT,1701081174450,11.6,79.228
TRBUSDT,BUY,LIMIT,1701081175693,9.6,79.234
TRBUSDT,BUY,LIMIT,1701081256915,4.3,79.344
TRBUSDT,SELL,LIMIT,1701081332428,3.1,76.711
TRBUSDT,BUY,LIMIT,1701081346110,1.3,79.463
TRBUSDT,BUY,LIMIT,1701081465261,0.1,79.558
TRBUSDT,BUY,LIMIT,1701081503746,3.0,79.602
TRBUSDT,BUY,LIMIT,1701081709093,3.2,79.867
TRBUSDT,SELL,LIMIT,1701081773462,1.0,77.264
TRBUSDT,SELL,LIMIT,1701081918047,10.7,77.000
TRBUSDT,SELL,LIMIT,1701081919754,19.0,76.958
TRBUSDT,SELL,LIMIT,1701081925664,14.0,76.795
TRBUSDT,SELL,LIMIT,1701081928697,8.1,76.752
TRBUSDT,BUY,LIMIT,1701082097214,1.0,79.191
TRBUSDT,BUY,LIMIT,1701082110131,4.3,79.578
TRBUSDT,BUY,LIMIT,1701082177735,12.1,79.937
TRBUSDT,BUY,LIMIT,1701082240080,0.5,80.065
TRBUSDT,SELL,LIMIT,1701082398342,6.7,77.223
TRBUSDT,SELL,LIMIT,1701082400171,1.5,77.187
TRBUSDT,SELL,LIMIT,1701082644155,15.0,76.943
TRBUSDT,SELL,LIMIT,1701082646251,1.6,76.882
TRBUSDT,SELL,LIMIT,1701083186481,3.8,76.634
TRBUSDT,SELL,LIMIT,1701083619409,2.9,76.582
TRBUSDT,BUY,LIMIT,1701084973306,0.2,79.327
TRBUSDT,BUY,LIMIT,1701084987653,6.4,79.494
TRBUSDT,BUY,LIMIT,1701084999553,0.7,79.586
TRBUSDT,BUY,LIMIT,1701085518583,23.7,79.691
TRBUSDT,SELL,LIMIT,1701087032645,31.9,76.817
TRBUSDT,SELL,LIMIT,1701087038185,13.1,76.787
TRBUSDT,SELL,LIMIT,1701087398723,6.1,76.905
TRBUSDT,BUY,LIMIT,1701087607922,0.4,79.587
TRBUSDT,BUY,LIMIT,1701087710350,6.5,79.715
TRBUSDT,BUY,LIMIT,1701088328415,7.8,79.808
TRBUSDT,BUY,LIMIT,1701088343161,11.4,79.871
TRBUSDT,BUY,LIMIT,1701088358820,63.7,79.935
TRBUSDT,SELL,LIMIT,1701089967505,0.7,77.043
TRBUSDT,SELL,LIMIT,1701089972856,5.2,77.048
TRBUSDT,SELL,LIMIT,1701090012787,0.7,76.959
TRBUSDT,SELL,LIMIT,1701090018229,0.5,76.889
TRBUSDT,SELL,LIMIT,1701090508177,0.8,76.793
TRBUSDT,SELL,LIMIT,1701090517039,1.4,76.736
TRBUSDT,SELL,LIMIT,1701091925683,8.4,76.988
TRBUSDT,SELL,LIMIT,1701092033936,0.9,76.839
TRBUSDT,SELL,LIMIT,1701092354782,3.3,76.671
TRBUSDT,SELL,LIMIT,1701092374933,0.7,76.651
TRBUSDT,SELL,LIMIT,1701092448637,4.9,76.575
TRBUSDT,SELL,LIMIT,1701092578830,0.9,76.546
TRBUSDT,SELL,LIMIT,1701092635308,7.3,76.440
TRBUSDT,SELL,LIMIT,1701092636697,1.3,76.398
TRBUSDT,SELL,LIMIT,1701092638126,2.1,76.351
TRBUSDT,SELL,LIMIT,1701092639851,10.0,76.264
TRBUSDT,SELL,LIMIT,1701093116511,56.5,76.515
TRBUSDT,SELL,LIMIT,1701093118869,0.8,76.468
TRBUSDT,SELL,LIMIT,1701093135270,1.1,76.475
TRBUSDT,SELL,LIMIT,1701093137277,24.7,76.342
TRBUSDT,SELL,LIMIT,1701093138444,47.8,76.368
TRBUSDT,BUY,LIMIT,1701093221388,64.2,79.329
TRBUSDT,SELL,LIMIT,1701094575068,0.2,76.429
TRBUSDT,SELL,LIMIT,1701094920835,2.4,76.269
TRBUSDT,SELL,LIMIT,1701094925286,4.6,76.183
TRBUSDT,SELL,LIMIT,1701095024720,33.0,76.131
TRBUSDT,SELL,LIMIT,1701095346220,38.1,75.976
TRBUSDT,SELL,LIMIT,1701095529405,12.8,75.928
TRBUSDT,SELL,LIMIT,1701095549976,0.6,75.822
TRBUSDT,SELL,LIMIT,1701095552531,0.5,75.800
TRBUSDT,SELL,LIMIT,1701095591217,0.6,76.168
TRBUSDT,SELL,LIMIT,1701095592515,0.1,75.798
TRBUSDT,SELL,LIMIT,1701095612709,5.2,75.944
TRBUSDT,BUY,LIMIT,1701095969215,1.7,78.570
TRBUSDT,SELL,LIMIT,1701096758123,0.2,76.566
TRBUSDT,SELL,LIMIT,1701096774450,2.3,76.128
TRBUSDT,SELL,LIMIT,1701097093514,12.2,75.928
TRBUSDT,SELL,LIMIT,1701097101233,1.0,75.862
TRBUSDT,BUY,LIMIT,1701097367293,2.5,78.753
TRBUSDT,SELL,LIMIT,1701097402997,2.6,76.520
TRBUSDT,BUY,LIMIT,1701097406357,20.3,78.843
TRBUSDT,BUY,LIMIT,1701097408243,4.6,78.891
TRBUSDT,BUY,LIMIT,1701097793130,10.8,79.246
TRBUSDT,SELL,LIMIT,1701099259315,5.6,76.255
TRBUSDT,SELL,LIMIT,1701100086483,2.5,75.936
TRBUSDT,BUY,LIMIT,1701100109537,29.2,77.949
TRBUSDT,SELL,LIMIT,1701100157098,4.2,75.791
TRBUSDT,SELL,LIMIT,1701100162170,0.1,75.733
TRBUSDT,SELL,LIMIT,1701100187748,20.4,75.715
TRBUSDT,SELL,LIMIT,1701100220059,1.6,75.709
TRBUSDT,SELL,LIMIT,1701100529748,0.3,75.822
TRBUSDT,SELL,LIMIT,1701100531918,4.4,75.791
TRBUSDT,SELL,LIMIT,1701100563411,23.0,75.742
TRBUSDT,SELL,LIMIT,1701100565153,1.0,75.627
TRBUSDT,SELL,LIMIT,1701100573245,12.6,75.616
TRBUSDT,SELL,LIMIT,1701100577038,8.4,75.606
TRBUSDT,SELL,LIMIT,1701100578107,0.1,75.601
TRBUSDT,SELL,LIMIT,1701100623612,2.3,75.654
TRBUSDT,SELL,LIMIT,1701100640828,1.3,75.588
TRBUSDT,BUY,LIMIT,1701100964342,1.4,78.496
TRBUSDT,SELL,LIMIT,1701101007837,0.3,76.016
TRBUSDT,BUY,LIMIT,1701101273408,0.1,78.812
TRBUSDT,BUY,LIMIT,1701101332484,0.8,79.020
TRBUSDT,BUY,LIMIT,1701101906528,6.1,79.000
TRBUSDT,SELL,LIMIT,1701102062530,0.3,76.904
TRBUSDT,SELL,LIMIT,1701102254745,10.1,76.390
TRBUSDT,BUY,LIMIT,1701102881008,12.0,79.034
TRBUSDT,BUY,LIMIT,1701103160170,21.5,79.068
TRBUSDT,BUY,LIMIT,1701103162880,6.4,79.100
TRBUSDT,BUY,LIMIT,1701103372927,0.4,79.255
TRBUSDT,BUY,LIMIT,1701103382828,1.5,79.303
TRBUSDT,BUY,LIMIT,1701103482798,0.8,79.764
TRBUSDT,BUY,LIMIT,1701105103190,5.0,79.597
TRBUSDT,SELL,LIMIT,1701107455855,0.9,76.676
TRBUSDT,SELL,LIMIT,1701110443748,12.7,76.321
TRBUSDT,SELL,LIMIT,1701110480793,4.5,76.159
TRBUSDT,SELL,LIMIT,1701111182395,0.6,76.093
TRBUSDT,SELL,LIMIT,1701111183726,4.9,76.074
TRBUSDT,SELL,LIMIT,1701111191882,22.1,76.097
TRBUSDT,SELL,LIMIT,1701111207342,0.6,76.003
TRBUSDT,SELL,LIMIT,1701111536200,1.2,75.909
TRBUSDT,SELL,LIMIT,1701111565626,0.6,75.814
TRBUSDT,SELL,LIMIT,1701111874376,3.8,76.025
TRBUSDT,SELL,LIMIT,1701111977487,10.0,75.968
TRBUSDT,SELL,LIMIT,1701112082323,52.8,75.866
TRBUSDT,SELL,LIMIT,1701112121193,90.0,75.633
TRBUSDT,SELL,LIMIT,1701112159192,1.3,75.762
TRBUSDT,SELL,LIMIT,1701113897840,0.6,75.632
TRBUSDT,SELL,LIMIT,1701113941631,0.7,75.582
TRBUSDT,SELL,LIMIT,1701113963119,0.2,75.519
TRBUSDT,SELL,LIMIT,1701113964803,5.9,75.504
TRBUSDT,SELL,LIMIT,1701113978234,64.9,75.480
TRBUSDT,SELL,LIMIT,1701114102217,4.0,75.500
TRBUSDT,SELL,LIMIT,1701114162388,0.1,75.413
TRBUSDT,SELL,LIMIT,1701114163336,2.4,75.315
TRBUSDT,SELL,LIMIT,1701114222788,127.6,75.207
TRBUSDT,SELL,LIMIT,1701114228436,2.9,75.337
TRBUSDT,SELL,LIMIT,1701114229767,2.7,75.298
TRBUSDT,SELL,LIMIT,1701114231825,15.8,75.272
TRBUSDT,SELL,LIMIT,1701114233743,63.7,75.212
TRBUSDT,SELL,LIMIT,1701114238292,2.0,75.175
TRBUSDT,SELL,LIMIT,1701114261904,1.0,75.211
TRBUSDT,SELL,LIMIT,1701114264216,1.2,75.161
TRBUSDT,SELL,LIMIT,1701114265274,0.3,75.165
TRBUSDT,SELL,LIMIT,1701114275570,14.2,75.143
TRBUSDT,SELL,LIMIT,1701114288577,4.7,75.201
TRBUSDT,SELL,LIMIT,1701114357470,41.0,75.069
TRBUSDT,SELL,LIMIT,1701114377743,12.1,75.054
TRBUSDT,SELL,LIMIT,1701114379467,0.3,75.048
TRBUSDT,SELL,LIMIT,1701114382598,14.7,75.015
TRBUSDT,SELL,LIMIT,1701114468628,120.1,74.825
TRBUSDT,SELL,LIMIT,1701114471425,35.5,74.980
TRBUSDT,SELL,LIMIT,1701114472807,0.7,74.966
TRBUSDT,SELL,LIMIT,1701114474089,1.0,74.924
TRBUSDT,SELL,LIMIT,1701114475387,1.2,74.948
TRBUSDT,SELL,LIMIT,1701114476356,2.2,74.911
TRBUSDT,SELL,LIMIT,1701114496806,1.4,74.937
TRBUSDT,SELL,LIMIT,1701114530528,2.0,74.890
TRBUSDT,SELL,LIMIT,1701114531718,3.4,74.828
TRBUSDT,SELL,LIMIT,1701114565964,0.3,74.749
TRBUSDT,SELL,LIMIT,1701114571509,8.4,74.745
TRBUSDT,BUY,LIMIT,1701115274389,0.2,78.027
TRBUSDT,BUY,LIMIT,1701115594226,1.0,77.766
TRBUSDT,BUY,LIMIT,1701115866652,45.8,78.158
TRBUSDT,BUY,LIMIT,1701115916071,65.5,78.218
TRBUSDT,SELL,LIMIT,1701116529942,60.8,75.794
TRBUSDT,SELL,LIMIT,1701116696569,8.0,75.567
TRBUSDT,BUY,LIMIT,1701116916051,0.4,77.752
TRBUSDT,BUY,LIMIT,1701118272268,0.1,78.270
TRBUSDT,BUY,LIMIT,1701119936915,0.1,78.410
TRBUSDT,BUY,LIMIT,1701120088335,1.1,78.480
TRBUSDT,BUY,LIMIT,1701120719707,35.0,78.560
TRBUSDT,BUY,LIMIT,1701120953232,8.7,78.686
TRBUSDT,BUY,LIMIT,1701121967715,7.8,78.892
TRBUSDT,BUY,LIMIT,1701122331889,0.5,78.795
TRBUSDT,BUY,LIMIT,1701123160285,1.0,78.796
TRBUSDT,BUY,LIMIT,1701125944323,3.9,79.120
TRBUSDT,BUY,LIMIT,1701127053877,0.1,79.241
TRBUSDT,BUY,LIMIT,1701131691331,10.0,79.250
TRBUSDT,BUY,LIMIT,1701132057978,11.0,79.503
TRBUSDT,BUY,LIMIT,1701132457447,0.6,79.518
TRBUSDT,BUY,LIMIT,1701135252119,3.5,78.861
TRBUSDT,SELL,LIMIT,1701136256251,1.3,76.373
TRBUSDT,SELL,LIMIT,1701137327249,12.9,76.186
TRBUSDT,SELL,LIMIT,1701137439926,10.0,75.996
TRBUSDT,SELL,LIMIT,1701137570182,0.3,75.849
TRBUSDT,BUY,LIMIT,1701139067211,4.3,78.800
TRBUSDT,BUY,LIMIT,1701140762060,16.8,78.907
TRBUSDT,SELL,LIMIT,1701144125759,0.5,76.273
TRBUSDT,SELL,LIMIT,1701146003200,6.4,76.037
TRBUSDT,SELL,LIMIT,1701146004555,3.2,75.966
TRBUSDT,SELL,LIMIT,1701146035093,14.5,75.984
TRBUSDT,SELL,LIMIT,1701147286194,0.3,75.862
TRBUSDT,SELL,LIMIT,1701147891409,0.1,75.973
TRBUSDT,SELL,LIMIT,1701148007098,23.3,75.802
TRBUSDT,SELL,LIMIT,1701148008397,5.0,75.732
TRBUSDT,SELL,LIMIT,1701148136106,1.6,75.615
TRBUSDT,SELL,LIMIT,1701148172635,0.7,75.527
TRBUSDT,SELL,LIMIT,1701148200858,4.2,75.323
TRBUSDT,SELL,LIMIT,1701148202469,2.2,75.309
TRBUSDT,SELL,LIMIT,1701148907243,6.4,75.235
TRBUSDT,SELL,LIMIT,1701148926578,16.3,75.186
TRBUSDT,SELL,LIMIT,1701148936393,0.9,75.121
TRBUSDT,SELL,LIMIT,1701149482235,1.0,75.061
TRBUSDT,SELL,LIMIT,1701149495046,0.1,74.996
TRBUSDT,SELL,LIMIT,1701149500672,2.0,74.930
TRBUSDT,SELL,LIMIT,1701149772440,1.2,74.758
TRBUSDT,SELL,LIMIT,1701149773928,7.5,74.737
TRBUSDT,SELL,LIMIT,1701149836043,5.5,74.311
TRBUSDT,SELL,LIMIT,1701149837113,3.8,74.518
TRBUSDT,SELL,LIMIT,1701149838128,0.3,74.248
TRBUSDT,SELL,LIMIT,1701149846470,0.5,74.226
TRBUSDT,SELL,LIMIT,1701149847910,2.6,74.211
TRBUSDT,SELL,LIMIT,1701149849094,0.5,74.153
TRBUSDT,SELL,LIMIT,1701149850171,6.4,74.168
TRBUSDT,SELL,LIMIT,1701149851253,4.2,74.150
TRBUSDT,SELL,LIMIT,1701149852849,5.2,74.164
TRBUSDT,SELL,LIMIT,1701149892171,1.2,74.161
TRBUSDT,SELL,LIMIT,1701149893370,3.7,74.135
TRBUSDT,SELL,LIMIT,1701149894436,2.5,74.134
TRBUSDT,SELL,LIMIT,1701149896345,18.5,74.115
TRBUSDT,SELL,LIMIT,1701150540172,2.0,74.439
TRBUSDT,SELL,LIMIT,1701151092124,3.9,74.266
TRBUSDT,SELL,LIMIT,1701151250431,0.5,74.074
TRBUSDT,SELL,LIMIT,1701151251699,0.2,74.044
TRBUSDT,SELL,LIMIT,1701151255492,33.9,74.018
TRBUSDT,SELL,LIMIT,1701151258161,3.0,74.012
TRBUSDT,SELL,LIMIT,1701151259366,25.6,74.005
TRBUSDT,SELL,LIMIT,1701151263534,7.7,73.986
TRBUSDT,SELL,LIMIT,1701151266047,97.3,73.690
TRBUSDT,SELL,LIMIT,1701151267064,5.8,73.755
TRBUSDT,SELL,LIMIT,1701151268135,0.9,73.641
TRBUSDT,SELL,LIMIT,1701151269158,1.1,73.667
TRBUSDT,SELL,LIMIT,1701151270389,0.2,73.639
TRBUSDT,SELL,LIMIT,1701151280056,0.8,73.562
TRBUSDT,SELL,LIMIT,1701151281107,3.7,73.387
TRBUSDT,SELL,LIMIT,1701151282222,0.5,73.079
TRBUSDT,BUY,LIMIT,1701151305462,3.9,75.711
TRBUSDT,BUY,LIMIT,1701151445614,1.7,76.355
TRBUSDT,BUY,LIMIT,1701151712368,66.4,76.570
TRBUSDT,BUY,LIMIT,1701151971194,3.3,76.798
TRBUSDT,BUY,LIMIT,1701152358901,0.2,77.207
TRBUSDT,BUY,LIMIT,1701153192009,4.9,77.808
TRBUSDT,BUY,LIMIT,1701153323085,0.8,78.249
TRBUSDT,BUY,LIMIT,1701155224810,0.1,78.158
TRBUSDT,SELL,LIMIT,1701155642145,1.0,75.523
TRBUSDT,SELL,LIMIT,1701156385089,42.1,75.202
TRBUSDT,SELL,LIMIT,1701156422414,0.7,75.106
TRBUSDT,SELL,LIMIT,1701156439335,7.1,75.040
TRBUSDT,SELL,LIMIT,1701156442379,2.6,74.992
TRBUSDT,BUY,LIMIT,1701157991198,7.0,77.543
TRBUSDT,BUY,LIMIT,1701158032425,0.1,77.618
TRBUSDT,BUY,LIMIT,1701160282725,5.2,77.893
TRBUSDT,BUY,LIMIT,1701160457145,55.0,78.275
TRBUSDT,BUY,LIMIT,1701161569100,3.9,78.427
TRBUSDT,BUY,LIMIT,1701162991581,0.9,78.471
TRBUSDT,BUY,LIMIT,1701163070583,0.3,78.589
TRBUSDT,BUY,LIMIT,1701163081079,0.4,78.717
TRBUSDT,BUY,LIMIT,1701163857738,1.3,78.896
TRBUSDT,BUY,LIMIT,1701163936004,4.0,78.949
TRBUSDT,BUY,LIMIT,1701164374397,25.4,79.133
TRBUSDT,BUY,LIMIT,1701164387786,2.8,79.152
TRBUSDT,BUY,LIMIT,1701164451466,11.2,79.212
TRBUSDT,BUY,LIMIT,1701164453510,6.8,79.237
TRBUSDT,BUY,LIMIT,1701164503708,0.2,79.262
TRBUSDT,BUY,LIMIT,1701164796250,3.5,79.378
TRBUSDT,SELL,LIMIT,1701165588253,7.5,76.740
TRBUSDT,BUY,LIMIT,1701165660111,26.0,79.532
TRBUSDT,BUY,LIMIT,1701166881081,0.6,79.554
TRBUSDT,SELL,LIMIT,1701167294203,6.6,76.745
TRBUSDT,SELL,LIMIT,1701168058465,24.4,76.916
TRBUSDT,BUY,LIMIT,1701170471132,23.5,79.476
TRBUSDT,SELL,LIMIT,1701170718460,11.3,78.419
TRBUSDT,SELL,LIMIT,1701170768322,20.8,78.094
TRBUSDT,BUY,LIMIT,1701170835387,0.7,79.586
TRBUSDT,BUY,LIMIT,1701171140108,0.1,79.712
TRBUSDT,BUY,LIMIT,1701171196215,0.1,79.805
TRBUSDT,BUY,LIMIT,1701171205454,0.7,79.860
TRBUSDT,BUY,LIMIT,1701171717855,0.6,79.923
TRBUSDT,BUY,LIMIT,1701171720987,2.5,79.934
TRBUSDT,BUY,LIMIT,1701171976169,25.1,79.581
TRBUSDT,BUY,LIMIT,1701172052342,1.5,80.062
TRBUSDT,BUY,LIMIT,1701172058351,2.8,80.114
TRBUSDT,SELL,LIMIT,1701172134491,0.1,77.636
TRBUSDT,BUY,LIMIT,1701172481248,13.3,80.196
TRBUSDT,BUY,LIMIT,1701172482755,0.1,80.244
TRBUSDT,BUY,LIMIT,1701172534364,0.6,80.360
TRBUSDT,BUY,LIMIT,1701172535979,1.2,80.388
TRBUSDT,SELL,LIMIT,1701172998506,0.2,77.652
TRBUSDT,SELL,LIMIT,1701173203182,1.9,77.435
TRBUSDT,SELL,LIMIT,1701173292308,8.0,77.285
TRBUSDT,SELL,LIMIT,1701173293451,0.1,77.286
TRBUSDT,SELL,LIMIT,1701173302409,0.4,77.201
TRBUSDT,SELL,LIMIT,1701174622716,7.0,77.031
TRBUSDT,SELL,LIMIT,1701175999174,0.1,76.962
TRBUSDT,SELL,LIMIT,1701176223763,0.4,76.820
TRBUSDT,SELL,LIMIT,1701176548786,12.8,76.773
TRBUSDT,SELL,LIMIT,1701176571748,0.5,76.717
TRBUSDT,SELL,LIMIT,1701176860498,1.2,76.674
TRBUSDT,SELL,LIMIT,1701176864180,1.8,76.572
TRBUSDT,SELL,LIMIT,1701176865301,0.4,76.634
TRBUSDT,SELL,LIMIT,1701176868287,30.1,76.514
TRBUSDT,SELL,LIMIT,1701176880228,1.0,76.453
TRBUSDT,BUY,LIMIT,1701178367148,12.8,79.130
TRBUSDT,BUY,LIMIT,1701178440525,3.1,79.233
TRBUSDT,BUY,LIMIT,1701178452186,2.3,79.238
TRBUSDT,BUY,LIMIT,1701179649405,0.5,79.060
TRBUSDT,BUY,LIMIT,1701179672639,4.2,79.392
TRBUSDT,SELL,LIMIT,1701180137230,9.5,76.701
TRBUSDT,SELL,LIMIT,1701180223111,4.3,76.585
TRBUSDT,SELL,LIMIT,1701181021211,2.1,76.464
TRBUSDT,SELL,LIMIT,1701181759180,20.4,76.706
TRBUSDT,SELL,LIMIT,1701183732230,14.3,76.325
TRBUSDT,SELL,LIMIT,1701183734670,0.7,76.260
TRBUSDT,SELL,LIMIT,1701183744326,26.7,76.131
TRBUSDT,SELL,LIMIT,1701185545525,0.5,76.335
TRBUSDT,SELL,LIMIT,1701185852834,36.3,76.270
TRBUSDT,SELL,LIMIT,1701185858802,1.0,76.234
TRBUSDT,BUY,LIMIT,1701186196407,1.7,79.304
TRBUSDT,BUY,LIMIT,1701186206089,6.7,79.457
TRBUSDT,BUY,LIMIT,1701186207295,0.4,79.558
TRBUSDT,SELL,LIMIT,1701186524233,12.1,76.632
TRBUSDT,BUY,LIMIT,1701187213702,0.1,79.045
TRBUSDT,BUY,LIMIT,1701187253954,8.8,79.273
TRBUSDT,SELL,LIMIT,1701187279954,2.8,77.004
TRBUSDT,SELL,LIMIT,1701187907026,7.6,76.410
TRBUSDT,SELL,LIMIT,1701187927678,1.2,76.341
TRBUSDT,SELL,LIMIT,1701188621032,43.7,76.434
TRBUSDT,BUY,LIMIT,1701189647381,0.6,79.291
TRBUSDT,BUY,LIMIT,1701189728182,478.1,79.787
TRBUSDT,BUY,LIMIT,1701189807033,10.8,79.546
TRBUSDT,BUY,LIMIT,1701189819177,10.1,79.743
TRBUSDT,SELL,LIMIT,1701189996887,2.6,77.317
TRBUSDT,BUY,LIMIT,1701190335939,3.6,79.944
TRBUSDT,BUY,LIMIT,1701190358728,1.9,79.987
TRBUSDT,BUY,LIMIT,1701190364508,21.9,80.013
TRBUSDT,BUY,LIMIT,1701190406306,42.9,80.115
TRBUSDT,SELL,LIMIT,1701191126028,2.4,77.115
TRBUSDT,SELL,LIMIT,1701191166274,15.4,76.939
TRBUSDT,SELL,LIMIT,1701191256783,6.8,76.610
TRBUSDT,BUY,LIMIT,1701192019330,0.1,79.505
TRBUSDT,BUY,LIMIT,1701192036060,0.4,77.317
TRBUSDT,BUY,LIMIT,1701192060140,9.4,79.677
TRBUSDT,BUY,LIMIT,1701192087213,5.7,79.407
TRBUSDT,BUY,LIMIT,1701192280271,7.0,79.926
TRBUSDT,BUY,LIMIT,1701192281423,16.5,79.956
TRBUSDT,SELL,LIMIT,1701192400906,94.2,77.412
TRBUSDT,BUY,LIMIT,1701192767857,0.6,79.785
TRBUSDT,SELL,LIMIT,1701193167359,0.2,77.079
TRBUSDT,BUY,LIMIT,1701193279327,1.5,79.501
TRBUSDT,SELL,LIMIT,1701194616612,0.8,77.284
TRBUSDT,SELL,LIMIT,1701194775051,0.6,77.030
TRBUSDT,BUY,LIMIT,1701195679916,5.2,79.863
TRBUSDT,SELL,LIMIT,1701197412274,0.8,76.996
TRBUSDT,SELL,LIMIT,1701197413826,1.1,76.961
TRBUSDT,BUY,LIMIT,1701197841084,0.7,79.162
TRBUSDT,SELL,LIMIT,1701197859832,1.2,77.109
TRBUSDT,BUY,LIMIT,1701197862395,12.8,79.429
TRBUSDT,SELL,LIMIT,1701197865209,0.5,77.065
TRBUSDT,SELL,LIMIT,1701197873569,5.0,77.020
TRBUSDT,BUY,LIMIT,1701198065348,33.9,79.515
TRBUSDT,BUY,LIMIT,1701198085309,0.1,79.601
TRBUSDT,BUY,LIMIT,1701200475258,4.0,79.829
TRBUSDT,BUY,LIMIT,1701200563352,0.1,79.927
TRBUSDT,BUY,LIMIT,1701201376346,0.1,79.732
TRBUSDT,SELL,LIMIT,1701203120281,2.0,76.864
TRBUSDT,SELL,LIMIT,1701203144117,0.3,76.541
TRBUSDT,BUY,LIMIT,1701206268808,0.1,79.383
TRBUSDT,SELL,LIMIT,1701211841210,1.0,76.679
TRBUSDT,SELL,LIMIT,1701216793131,0.1,76.234
TRBUSDT,SELL,LIMIT,1701216798120,1.2,76.183
TRBUSDT,SELL,LIMIT,1701216811218,0.9,76.123
TRBUSDT,SELL,LIMIT,1701216812237,0.4,76.120
TRBUSDT,SELL,LIMIT,1701216849203,6.5,76.094
TRBUSDT,SELL,LIMIT,1701216896694,0.2,76.048
TRBUSDT,SELL,LIMIT,1701216899066,26.2,76.036
TRBUSDT,SELL,LIMIT,1701216904762,1.4,76.024
TRBUSDT,SELL,LIMIT,1701216907087,11.6,76.012
TRBUSDT,BUY,LIMIT,1701217961967,64.7,79.125
TRBUSDT,BUY,LIMIT,1701218030539,1.4,79.409
TRBUSDT,BUY,LIMIT,1701219203114,0.6,77.394
TRBUSDT,BUY,LIMIT,1701222134546,1.0,79.560
TRBUSDT,BUY,LIMIT,1701224461354,5.4,79.750
TRBUSDT,BUY,LIMIT,1701224700783,0.2,79.790
TRBUSDT,BUY,LIMIT,1701224709218,0.5,79.864
TRBUSDT,SELL,LIMIT,1701229496590,0.5,76.478
TRBUSDT,SELL,LIMIT,1701229498522,50.0,76.279
TRBUSDT,SELL,LIMIT,1701236157235,31.4,76.377
TRBUSDT,SELL,LIMIT,1701236167734,15.8,76.356
TRBUSDT,SELL,LIMIT,1701236282949,2.3,76.288
TRBUSDT,SELL,LIMIT,1701236290702,64.2,76.276
TRBUSDT,SELL,LIMIT,1701236779671,2.0,76.176
TRBUSDT,SELL,LIMIT,1701236784380,18.5,76.162
TRBUSDT,BUY,LIMIT,1701238790207,2.2,78.720
TRBUSDT,BUY,LIMIT,1701239874267,63.5,79.127
TRBUSDT,BUY,LIMIT,1701240224041,25.7,79.429
TRBUSDT,BUY,LIMIT,1701240685423,6.5,79.695
TRBUSDT,SELL,LIMIT,1701242141570,1.5,77.072
TRBUSDT,SELL,LIMIT,1701243542369,0.7,76.644
TRBUSDT,BUY,LIMIT,1701247820187,0.4,79.392
TRBUSDT,SELL,LIMIT,1701248659549,0.3,76.989
TRBUSDT,SELL,LIMIT,1701250041744,37.1,76.749
TRBUSDT,SELL,LIMIT,1701250226726,1.6,76.463
TRBUSDT,SELL,LIMIT,1701250239063,0.5,76.424
TRBUSDT,SELL,LIMIT,1701250341278,1.9,76.244
TRBUSDT,SELL,LIMIT,1701251619596,1.2,76.164
TRBUSDT,SELL,LIMIT,1701252125096,39.4,76.293
TRBUSDT,SELL,LIMIT,1701252227141,0.6,76.129
TRBUSDT,SELL,LIMIT,1701253412138,0.2,76.070
TRBUSDT,SELL,LIMIT,1701253535256,1.1,76.006
TRBUSDT,SELL,LIMIT,1701253594976,65.3,75.990
TRBUSDT,SELL,LIMIT,1701253598406,26.9,75.970
TRBUSDT,SELL,LIMIT,1701253599745,5.5,75.955
TRBUSDT,SELL,LIMIT,1701253614731,0.7,75.917
TRBUSDT,SELL,LIMIT,1701254057500,0.6,75.858
TRBUSDT,SELL,LIMIT,1701254059685,0.1,75.739
TRBUSDT,SELL,LIMIT,1701254066256,1.6,75.702
TRBUSDT,SELL,LIMIT,1701254292915,0.4,75.573
TRBUSDT,SELL,LIMIT,1701254341835,1.8,75.539
TRBUSDT,SELL,LIMIT,1701254409117,1.1,75.437
TRBUSDT,SELL,LIMIT,1701254413056,4.8,75.296
TRBUSDT,SELL,LIMIT,1701254416883,2.8,75.284
TRBUSDT,SELL,LIMIT,1701254425305,0.6,75.212
TRBUSDT,BUY,LIMIT,1701254465912,16.3,77.611
TRBUSDT,SELL,LIMIT,1701254505048,2.5,75.145
