Symbol,Side,Order Type,Time,Quantity,Price
TRUUSDT,BUY,LIMIT,1700989322175,615,0.0597072
TRUUSDT,BUY,LIMIT,1700989324299,10296,0.0598880
TRUUSDT,BUY,LIMIT,1700989535426,212,0.0600032
TRUUSDT,BUY,LIMIT,1700989541676,1564,0.0601080
TRUUSDT,BUY,LIMIT,1700989542977,90,0.0602382
TRUUSDT,BUY,LIMIT,1700989547960,443,0.0603148
TRUUSDT,BUY,LIMIT,1700989882556,15805,0.0604071
TRUUSDT,BUY,LIMIT,1700990032763,62704,0.0605018
TRUUSDT,BUY,LIMIT,1700990033984,363,0.0605225
TRUUSDT,BUY,LIMIT,1700990034996,384,0.0605496
TRUUSDT,BUY,LIMIT,1700990287123,187,0.0607360
TRUUSDT,BUY,LIMIT,1700990294239,355,0.0607998
TRUUSDT,BUY,LIMIT,1700990298016,36811,0.0609022
TRUUSDT,BUY,LIMIT,1700990311962,1590,0.0609394
TRUUSDT,BUY,LIMIT,1700990313842,344,0.0609513
TRUUSDT,BUY,LIMIT,1700990326245,2170,0.0609650
TRUUSDT,BUY,LIMIT,1700990461191,344,0.0609933
TRUUSDT,BUY,LIMIT,1700991410479,4489,0.0610197
TRUUSDT,BUY,LIMIT,1700991411601,266,0.0610356
TRUUSDT,BUY,LIMIT,1700991435463,3297,0.0611193
TRUUSDT,BUY,LIMIT,1700991437087,1775,0.0613497
TRUUSDT,BUY,LIMIT,1700991439608,8610,0.0614145
TRUUSDT,BUY,LIMIT,1700991441049,8986,0.0614659
TRUUSDT,BUY,LIMIT,1700991465918,714,0.0616163
TRUUSDT,BUY,LIMIT,1700991592540,321,0.0616875
TRUUSDT,BUY,LIMIT,1700991608359,26852,0.0616862
TRUUSDT,BUY,LIMIT,1700991652211,2045,0.0617067
TRUUSDT,BUY,LIMIT,1700994249444,352,0.0617892
TRUUSDT,BUY,LIMIT,1700994266623,274,0.0618802
TRUUSDT,SELL,LIMIT,1701002496219,31193,0.0585493
TRUUSDT,BUY,LIMIT,1701003420988,2818,0.0618008
TRUUSDT,BUY,LIMIT,1701005080921,99,0.0620480
TRUUSDT,BUY,LIMIT,1701005281405,1588,0.0622313
TRUUSDT,BUY,LIMIT,1701005283338,12175,0.0624614
TRUUSDT,BUY,LIMIT,1701005624279,26066,0.0626115
TRUUSDT,BUY,LIMIT,1701005651828,50261,0.0626961
TRUUSDT,BUY,LIMIT,1701005653506,772,0.0627076
TRUUSDT,BUY,LIMIT,1701005671171,8859,0.0629076
TRUUSDT,BUY,LIMIT,1701005673532,3758,0.0629332
TRUUSDT,BUY,LIMIT,1701005785315,6943,0.0630958
TRUUSDT,BUY,LIMIT,1701005856173,2795,0.0632010
TRUUSDT,BUY,LIMIT,1701005954412,21106,0.0632569
TRUUSDT,BUY,LIMIT,1701005957132,185,0.0632774
TRUUSDT,BUY,LIMIT,1701005958584,3651,0.0633731
TRUUSDT,BUY,LIMIT,1701005960459,126,0.0633970
TRUUSDT,BUY,LIMIT,1701005962778,3106,0.0634431
TRUUSDT,SELL,LIMIT,1701006127609,197,0.0607111
TRUUSDT,BUY,LIMIT,1701006391334,5634,0.0634986
TRUUSDT,BUY,LIMIT,1701006404479,17454,0.0636399
TRUUSDT,BUY,LIMIT,1701006559306,171,0.0636640
TRUUSDT,BUY,LIMIT,1701006595536,5376,0.0637737
TRUUSDT,BUY,LIMIT,1701006598681,202,0.0638275
TRUUSDT,BUY,LIMIT,1701007250287,1,0.0638752
TRUUSDT,BUY,LIMIT,1701007275444,588,0.0639510
TRUUSDT,BUY,LIMIT,1701008018223,4000,0.0642073
TRUUSDT,BUY,LIMIT,1701008628133,2076,0.0643743
TRUUSDT,BUY,LIMIT,1701008640166,460,0.0644166
TRUUSDT,BUY,LIMIT,1701008646347,198,0.0644703
TRUUSDT,BUY,LIMIT,1701008652139,1351,0.0647089
TRUUSDT,BUY,LIMIT,1701008654296,7471,0.0647497
TRUUSDT,BUY,LIMIT,1701008666430,22646,0.0647797
TRUUSDT,SELL,LIMIT,1701010416516,315,0.0603256
TRUUSDT,SELL,LIMIT,1701010834323,375,0.0600089
TRUUSDT,SELL,LIMIT,1701011145614,203,0.0599197
TRUUSDT,SELL,LIMIT,1701011156166,4021,0.0598751
TRUUSDT,SELL,LIMIT,1701011177149,79428,0.0598152
TRUUSDT,SELL,LIMIT,1701011183653,466,0.0597017
TRUUSDT,SELL,LIMIT,1701011830096,324,0.0595601
TRUUSDT,BUY,LIMIT,1701012522141,4901,0.0623282
TRUUSDT,BUY,LIMIT,1701013320768,82671,0.0624095
TRUUSDT,SELL,LIMIT,1701013529764,261,0.0599748
TRUUSDT,SELL,LIMIT,1701013617565,8759,0.0595542
TRUUSDT,SELL,LIMIT,1701013621035,1580,0.0595017
TRUUSDT,SELL,LIMIT,1701013673177,2778,0.0594031
TRUUSDT,SELL,LIMIT,1701013678834,3478,0.0593992
TRUUSDT,SELL,LIMIT,1701013681311,850,0.0593839
TRUUSDT,SELL,LIMIT,1701013682415,10529,0.0593431
TRUUSDT,SELL,LIMIT,1701013713476,474,0.0591501
TRUUSDT,SELL,LIMIT,1701014333261,140,0.0587367
TRUUSDT,BUY,LIMIT,1701014934307,395,0.0621308
TRUUSDT,SELL,LIMIT,1701015674728,95,0.0585474
TRUUSDT,SELL,LIMIT,1701015686438,436,0.0583123
TRUUSDT,SELL,LIMIT,1701015735013,1683,0.0583299
TRUUSDT,SELL,LIMIT,1701015741048,858,0.0582899
TRUUSDT,SELL,LIMIT,1701015748245,2000,0.0582013
TRUUSDT,SELL,LIMIT,1701015893511,35480,0.0578796
TRUUSDT,SELL,LIMIT,1701016032156,5764,0.0577783
TRUUSDT,SELL,LIMIT,1701016033362,40178,0.0577882
TRUUSDT,SELL,LIMIT,1701016045125,1074,0.0577277
TRUUSDT,SELL,LIMIT,1701016046278,3778,0.0576512
TRUUSDT,SELL,LIMIT,1701016047556,37989,0.0576512
TRUUSDT,SELL,LIMIT,1701016049240,6000,0.0578408
TRUUSDT,SELL,LIMIT,1701016050287,10427,0.0576102
TRUUSDT,SELL,LIMIT,1701016051821,379,0.0575297
TRUUSDT,SELL,LIMIT,1701016088953,6906,0.0575248
TRUUSDT,SELL,LIMIT,1701016098244,6,0.0574913
TRUUSDT,SELL,LIMIT,1701016100130,139,0.0573705
TRUUSDT,SELL,LIMIT,1701016102631,3199,0.0572828
TRUUSDT,SELL,LIMIT,1701016105509,24436,0.0572184
TRUUSDT,SELL,LIMIT,1701016453667,1676,0.0580272
TRUUSDT,BUY,LIMIT,1701018656172,1346,0.0615007
TRUUSDT,BUY,LIMIT,1701027867187,104,0.0605181
TRUUSDT,BUY,LIMIT,1701030059455,409,0.0611214
TRUUSDT,SELL,LIMIT,1701030241077,697,0.0595775
TRUUSDT,BUY,LIMIT,1701031264224,30411,0.0615882
TRUUSDT,BUY,LIMIT,1701031668666,243,0.0619580
TRUUSDT,BUY,LIMIT,1701031676167,324,0.0620097
TRUUSDT,BUY,LIMIT,1701031691803,700,0.0620170
TRUUSDT,SELL,LIMIT,1701051838614,9768,0.0576638
TRUUSDT,SELL,LIMIT,1701051908973,2901,0.0576256
TRUUSDT,SELL,LIMIT,1701052744468,552,0.0576074
TRUUSDT,SELL,LIMIT,1701053099072,4946,0.0572430
TRUUSDT,SELL,LIMIT,1701054473295,1658,0.0572241
TRUUSDT,BUY,LIMIT,1701055038746,9004,0.0597584
TRUUSDT,SELL,LIMIT,1701055062792,335,0.0573497
TRUUSDT,SELL,LIMIT,1701056131977,97,0.0572887
TRUUSDT,SELL,LIMIT,1701056136646,116,0.0572512
TRUUSDT,SELL,LIMIT,1701056154300,100,0.0571559
TRUUSDT,SELL,LIMIT,1701056158284,3165,0.0571221
TRUUSDT,SELL,LIMIT,1701056161324,17272,0.0571035
TRUUSDT,BUY,LIMIT,1701061118179,356,0.0614377
