Symbol,Side,Order Type,Time,Quantity,Price
TRUUSDT,SELL,LIMIT,1701067414392,500,0.0574477
TRUUSDT,BUY,LIMIT,1701067541112,3380,0.0595191
TRUUSDT,BUY,LIMIT,1701068020904,81,0.0598655
TRUUSDT,SELL,LIMIT,1701069859543,7771,0.0574576
TRUUSDT,SELL,LIMIT,1701069861316,3323,0.0573462
TRUUSDT,SELL,LIMIT,1701069885962,386,0.0571739
TRUUSDT,SELL,LIMIT,1701069916303,1225,0.0570771
TRUUSDT,SELL,LIMIT,1701070171764,10953,0.0572936
TRUUSDT,BUY,LIMIT,1701074348533,306,0.0594399
TRUUSDT,SELL,LIMIT,1701074939066,392,0.0570622
TRUUSDT,SELL,LIMIT,1701074943402,90,0.0570146
TRUUSDT,SELL,LIMIT,1701074946681,2564,0.0570065
TRUUSDT,SELL,LIMIT,1701077218133,50918,0.0569350
TRUUSDT,SELL,LIMIT,1701077219191,7953,0.0569334
TRUUSDT,SELL,LIMIT,1701077224406,6051,0.0569124
TRUUSDT,SELL,LIMIT,1701080759152,773,0.0576093
TRUUSDT,SELL,LIMIT,1701082537673,335,0.0574674
TRUUSDT,BUY,LIMIT,1701085003091,608,0.0610528
TRUUSDT,BUY,LIMIT,1701085026773,1928,0.0611790
TRUUSDT,BUY,LIMIT,1701085797815,2339,0.0614192
TRUUSDT,BUY,LIMIT,1701091876575,251,0.0615986
TRUUSDT,BUY,LIMIT,1701093238460,91,0.0617748
TRUUSDT,BUY,LIMIT,1701093241426,701,0.0618894
TRUUSDT,SELL,LIMIT,1701096525166,1651,0.0575394
TRUUSDT,SELL,LIMIT,1701096569003,6068,0.0573967
TRUUSDT,SELL,LIMIT,1701096678367,398,0.0573191
TRUUSDT,SELL,LIMIT,1701096681893,23882,0.0572782
TRUUSDT,SELL,LIMIT,1701096940850,15406,0.0570977
TRUUSDT,SELL,LIMIT,1701102044841,170,0.0586703
TRUUSDT,BUY,LIMIT,1701104786043,67303,0.0623726
TRUUSDT,BUY,LIMIT,1701104790444,111,0.0625019
TRUUSDT,BUY,LIMIT,1701110799855,1251,0.0629426
TRUUSDT,BUY,LIMIT,1701110817068,3138,0.0630795
TRUUSDT,BUY,LIMIT,1701110832331,2064,0.0631267
TRUUSDT,SELL,LIMIT,1701111930357,8151,0.0603624
TRUUSDT,SELL,LIMIT,1701114205295,488,0.0596108
TRUUSDT,SELL,LIMIT,1701114368763,172,0.0592534
TRUUSDT,SELL,LIMIT,1701127053877,82,0.0592779
TRUUSDT,BUY,LIMIT,1701131094715,6990,0.0628184
TRUUSDT,BUY,LIMIT,1701131893386,3125,0.0632126
TRUUSDT,BUY,LIMIT,1701133264956,21729,0.0633157
TRUUSDT,BUY,LIMIT,1701136626851,113,0.0634452
TRUUSDT,BUY,LIMIT,1701136659226,3357,0.0634692
TRUUSDT,BUY,LIMIT,1701136698615,606,0.0635084
TRUUSDT,BUY,LIMIT,1701136714066,10778,0.0638027
TRUUSDT,BUY,LIMIT,1701136785079,250,0.0639713
TRUUSDT,SELL,LIMIT,1701145107991,556,0.0589608
TRUUSDT,SELL,LIMIT,1701145117299,1175,0.0588443
TRUUSDT,SELL,LIMIT,1701145180669,1126,0.0588166
TRUUSDT,SELL,LIMIT,1701145477949,17040,0.0585385
TRUUSDT,SELL,LIMIT,1701145581150,82,0.0583274
TRUUSDT,SELL,LIMIT,1701145700545,1629,0.0581140
TRUUSDT,SELL,LIMIT,1701145751784,4208,0.0580538
TRUUSDT,SELL,LIMIT,1701145854255,155,0.0578983
TRUUSDT,SELL,LIMIT,1701145905292,585,0.0578120
TRUUSDT,SELL,LIMIT,1701145925233,235,0.0578008
TRUUSDT,SELL,LIMIT,1701145969822,65968,0.0577217
TRUUSDT,SELL,LIMIT,1701146122407,1174,0.0574114
TRUUSDT,SELL,LIMIT,1701147891409,99,0.0574189
TRUUSDT,SELL,LIMIT,1701147923515,29997,0.0572184
TRUUSDT,SELL,LIMIT,1701147943411,5507,0.0571145
TRUUSDT,SELL,LIMIT,1701149889357,103,0.0570407
TRUUSDT,SELL,LIMIT,1701155666773,106,0.0568747
TRUUSDT,SELL,LIMIT,1701158769509,275,0.0568327
TRUUSDT,SELL,LIMIT,1701158790458,984,0.0565868
TRUUSDT,SELL,LIMIT,1701158842595,17379,0.0563764
TRUUSDT,SELL,LIMIT,1701158844055,241,0.0562534
TRUUSDT,SELL,LIMIT,1701158890530,25521,0.0562278
TRUUSDT,SELL,LIMIT,1701158989021,5247,0.0561590
TRUUSDT,SELL,LIMIT,1701164009126,6178,0.0571994
TRUUSDT,SELL,LIMIT,1701173744561,804,0.0560911
TRUUSDT,SELL,LIMIT,1701174014083,58880,0.0560527
TRUUSDT,SELL,LIMIT,1701174941876,28548,0.0559728
TRUUSDT,BUY,LIMIT,1701179512294,174,0.0602900
TRUUSDT,BUY,LIMIT,1701179693601,10093,0.0605443
