Symbol,Side,Order Type,Time,Quantity,Price
TRXUSDT,SELL,LIMIT,1700991213720,323,0.10752
TRXUSDT,SELL,LIMIT,1700993776372,507,0.10773
TRXUSDT,BUY,LIMIT,1700995873955,7708,0.10907
TRXUSDT,SELL,LIMIT,1700997959567,72,0.10748
TRXUSDT,SELL,LIMIT,1700998010020,38997,0.10747
TRXUSDT,SELL,LIMIT,1700998213835,47533,0.10745
TRXUSDT,BUY,LIMIT,1701003069556,953,0.10905
TRXUSDT,SELL,LIMIT,1701008440049,815,0.10759
TRXUSDT,SELL,LIMIT,1701009015378,47,0.10815
TRXUSDT,SELL,LIMIT,1701009820085,151,0.10721
TRXUSDT,SELL,LIMIT,1701010160575,302,0.10711
TRXUSDT,SELL,LIMIT,1701010922627,2936,0.10701
TRXUSDT,SELL,LIMIT,1701014043192,20000,0.10726
TRXUSDT,SELL,LIMIT,1701014921311,100,0.10727
TRXUSDT,BUY,LIMIT,1701014933342,6611,0.10870
TRXUSDT,SELL,LIMIT,1701015659094,972,0.10720
TRXUSDT,SELL,LIMIT,1701015756065,56,0.10710
TRXUSDT,SELL,LIMIT,1701015779160,297,0.10712
TRXUSDT,SELL,LIMIT,1701015864419,49,0.10697
TRXUSDT,BUY,LIMIT,1701015999226,14000,0.10837
TRXUSDT,SELL,LIMIT,1701016019190,183,0.10690
TRXUSDT,SELL,LIMIT,1701016020789,315,0.10686
TRXUSDT,SELL,LIMIT,1701016032461,72,0.10683
TRXUSDT,SELL,LIMIT,1701016033370,188,0.10683
TRXUSDT,BUY,LIMIT,1701016041112,1459,0.10814
TRXUSDT,SELL,LIMIT,1701016045515,4000,0.10673
TRXUSDT,SELL,LIMIT,1701016047297,137,0.10665
TRXUSDT,SELL,LIMIT,1701016048198,672,0.10662
TRXUSDT,SELL,LIMIT,1701016095572,48,0.10672
TRXUSDT,SELL,LIMIT,1701016099286,221,0.10654
TRXUSDT,SELL,LIMIT,1701016101778,40856,0.10649
TRXUSDT,SELL,LIMIT,1701016103985,11098,0.10650
TRXUSDT,SELL,LIMIT,1701016791284,39896,0.10642
TRXUSDT,BUY,LIMIT,1701018425917,844,0.10831
TRXUSDT,BUY,LIMIT,1701029946307,789,0.10848
TRXUSDT,BUY,LIMIT,1701030166398,49988,0.10842
TRXUSDT,BUY,LIMIT,1701030189442,1237,0.10853
TRXUSDT,SELL,LIMIT,1701031727645,16,0.10980
TRXUSDT,BUY,LIMIT,1701036288878,75,0.10879
TRXUSDT,BUY,LIMIT,1701036377581,3000,0.10882
TRXUSDT,BUY,LIMIT,1701036379042,2184,0.10883
TRXUSDT,BUY,LIMIT,1701036502211,4095,0.10885
TRXUSDT,BUY,LIMIT,1701036529248,93058,0.10886
TRXUSDT,BUY,LIMIT,1701036642514,188,0.10888
TRXUSDT,BUY,LIMIT,1701045776186,1336,0.10807
TRXUSDT,SELL,LIMIT,1701046515754,93,0.10676
TRXUSDT,SELL,LIMIT,1701046745233,4996,0.10672
TRXUSDT,SELL,LIMIT,1701048318610,897,0.10670
TRXUSDT,SELL,LIMIT,1701048655588,330,0.10658
TRXUSDT,SELL,LIMIT,1701052823901,932,0.10635
TRXUSDT,SELL,LIMIT,1701052941356,10023,0.10629
TRXUSDT,SELL,LIMIT,1701053057418,260,0.10627
TRXUSDT,SELL,LIMIT,1701053063054,2275,0.10626
TRXUSDT,SELL,LIMIT,1701053143828,72,0.10623
TRXUSDT,SELL,LIMIT,1701053209516,1471,0.10617
TRXUSDT,SELL,LIMIT,1701054311193,7811,0.10616
TRXUSDT,SELL,LIMIT,1701054387287,1416,0.10614
TRXUSDT,SELL,LIMIT,1701054400140,843,0.10612
TRXUSDT,SELL,LIMIT,1701054408073,92609,0.10610
TRXUSDT,SELL,LIMIT,1701054417118,1179,0.10610
TRXUSDT,SELL,LIMIT,1701054486192,37221,0.10606
TRXUSDT,SELL,LIMIT,1701054556705,12677,0.10602
TRXUSDT,SELL,LIMIT,1701055589572,4359,0.10594
TRXUSDT,SELL,LIMIT,1701055607234,931,0.10591
TRXUSDT,SELL,LIMIT,1701056109060,5500,0.10583
TRXUSDT,SELL,LIMIT,1701056140049,93274,0.10582
TRXUSDT,SELL,LIMIT,1701056223319,161,0.10578
TRXUSDT,SELL,LIMIT,1701056248889,373,0.10575
TRXUSDT,SELL,LIMIT,1701062706197,132,0.10607
