Symbol,Side,Order Type,Time,Quantity,Price
TRXUSDT,BUY,LIMIT,1701065956268,105,0.10710
TRXUSDT,SELL,LIMIT,1701067946241,705,0.10584
TRXUSDT,SELL,LIMIT,1701068121203,15000,0.10574
TRXUSDT,SELL,LIMIT,1701068645193,309,0.10561
TRXUSDT,BUY,LIMIT,1701069010923,13277,0.10694
TRXUSDT,SELL,LIMIT,1701069477988,312,0.10550
TRXUSDT,SELL,LIMIT,1701069554839,45894,0.10541
TRXUSDT,SELL,LIMIT,1701069808454,4921,0.10541
TRXUSDT,SELL,LIMIT,1701069862702,2884,0.10539
TRXUSDT,SELL,LIMIT,1701069880392,4640,0.10544
TRXUSDT,SELL,LIMIT,1701069883219,55815,0.10538
TRXUSDT,SELL,LIMIT,1701069901990,918,0.10535
TRXUSDT,SELL,LIMIT,1701069917297,95,0.10534
TRXUSDT,SELL,LIMIT,1701070061748,505,0.10531
TRXUSDT,SELL,LIMIT,1701070063621,144,0.10528
TRXUSDT,SELL,LIMIT,1701070110107,280,0.10525
TRXUSDT,SELL,LIMIT,1701070168328,3914,0.10528
TRXUSDT,SELL,LIMIT,1701070172385,69,0.10534
TRXUSDT,BUY,LIMIT,1701074358982,4500,0.10674
TRXUSDT,SELL,LIMIT,1701074714532,774,0.10547
TRXUSDT,SELL,LIMIT,1701074953051,49,0.10514
TRXUSDT,BUY,LIMIT,1701077399082,25,0.10664
TRXUSDT,SELL,LIMIT,1701080083321,1310,0.10502
TRXUSDT,SELL,LIMIT,1701080084891,64,0.10498
TRXUSDT,SELL,LIMIT,1701080086070,23889,0.10489
TRXUSDT,SELL,LIMIT,1701080087541,1243,0.10480
TRXUSDT,SELL,LIMIT,1701081389925,619,0.10471
TRXUSDT,SELL,LIMIT,1701081446831,409,0.10463
TRXUSDT,SELL,LIMIT,1701081449669,48,0.10462
TRXUSDT,SELL,LIMIT,1701081451712,107,0.10458
TRXUSDT,SELL,LIMIT,1701081579071,13593,0.10458
TRXUSDT,SELL,LIMIT,1701081897481,185,0.10435
TRXUSDT,SELL,LIMIT,1701081904166,687,0.10430
TRXUSDT,SELL,LIMIT,1701081905285,1138,0.10431
TRXUSDT,SELL,LIMIT,1701081922325,15181,0.10426
TRXUSDT,SELL,LIMIT,1701081932518,14945,0.10417
TRXUSDT,SELL,LIMIT,1701081973100,1124,0.10413
TRXUSDT,SELL,LIMIT,1701081981138,1497,0.10397
TRXUSDT,SELL,LIMIT,1701081982172,230,0.10390
TRXUSDT,SELL,LIMIT,1701081988185,317580,0.10356
TRXUSDT,SELL,LIMIT,1701081989247,94,0.10378
TRXUSDT,SELL,LIMIT,1701082000515,748,0.10362
TRXUSDT,SELL,LIMIT,1701082018556,16886,0.10355
TRXUSDT,SELL,LIMIT,1701082022098,4070,0.10339
TRXUSDT,SELL,LIMIT,1701082694456,534,0.10361
TRXUSDT,SELL,LIMIT,1701082702849,73,0.10356
TRXUSDT,SELL,LIMIT,1701084931020,459,0.10325
TRXUSDT,BUY,LIMIT,1701086601113,327,0.10082
TRXUSDT,SELL,LIMIT,1701088149954,958,0.10355
TRXUSDT,SELL,LIMIT,1701093135330,387,0.10344
TRXUSDT,SELL,LIMIT,1701096703876,275,0.10319
TRXUSDT,SELL,LIMIT,1701096798177,1139,0.10326
TRXUSDT,SELL,LIMIT,1701096969241,1266,0.10316
TRXUSDT,SELL,LIMIT,1701097030341,115,0.10315
TRXUSDT,SELL,LIMIT,1701097033579,115,0.10319
TRXUSDT,SELL,LIMIT,1701097091067,2000,0.10303
TRXUSDT,SELL,LIMIT,1701097102305,18,0.10300
TRXUSDT,SELL,LIMIT,1701099392094,22019,0.10292
TRXUSDT,SELL,LIMIT,1701099790084,221,0.10283
TRXUSDT,SELL,LIMIT,1701100142769,87,0.10269
TRXUSDT,SELL,LIMIT,1701100146132,25807,0.10269
TRXUSDT,SELL,LIMIT,1701100167477,300,0.10265
TRXUSDT,SELL,LIMIT,1701100169292,24740,0.10265
TRXUSDT,SELL,LIMIT,1701100220180,5225,0.10261
TRXUSDT,SELL,LIMIT,1701100233404,3208,0.10260
TRXUSDT,BUY,LIMIT,1701100459335,3480,0.10397
TRXUSDT,SELL,LIMIT,1701100523814,92841,0.10255
TRXUSDT,SELL,LIMIT,1701100540313,2781,0.10252
TRXUSDT,SELL,LIMIT,1701100610935,9561,0.10248
TRXUSDT,SELL,LIMIT,1701100625332,252,0.10250
TRXUSDT,SELL,LIMIT,1701100640743,115,0.10245
TRXUSDT,SELL,LIMIT,1701100815120,5823,0.10237
TRXUSDT,SELL,LIMIT,1701101009234,1351,0.10246
TRXUSDT,SELL,LIMIT,1701101140921,2769,0.10250
TRXUSDT,BUY,LIMIT,1701102478132,8298,0.10448
TRXUSDT,BUY,LIMIT,1701103436735,1142,0.10459
TRXUSDT,BUY,LIMIT,1701105035265,618,0.10490
TRXUSDT,BUY,LIMIT,1701105080300,58,0.10494
TRXUSDT,SELL,LIMIT,1701111221251,1055,0.10349
TRXUSDT,BUY,LIMIT,1701113138124,4769,0.10515
TRXUSDT,BUY,LIMIT,1701113492179,991,0.10517
TRXUSDT,SELL,LIMIT,1701114228448,5053,0.10342
TRXUSDT,SELL,LIMIT,1701114491189,5017,0.10348
TRXUSDT,SELL,LIMIT,1701114494288,797,0.10311
TRXUSDT,SELL,LIMIT,1701114527376,1436,0.10304
TRXUSDT,SELL,LIMIT,1701115599485,87,0.10284
TRXUSDT,SELL,LIMIT,1701115612184,52,0.10280
TRXUSDT,SELL,LIMIT,1701116392399,92,0.10255
TRXUSDT,SELL,LIMIT,1701116453242,838,0.10249
TRXUSDT,SELL,LIMIT,1701116544942,4798,0.10245
TRXUSDT,SELL,LIMIT,1701116693371,131,0.10239
TRXUSDT,SELL,LIMIT,1701116714210,4788,0.10237
TRXUSDT,SELL,LIMIT,1701116716812,2595,0.10230
TRXUSDT,SELL,LIMIT,1701116766345,445,0.10229
TRXUSDT,SELL,LIMIT,1701116777454,468,0.10229
TRXUSDT,SELL,LIMIT,1701116779382,516,0.10227
TRXUSDT,SELL,LIMIT,1701116797105,549,0.10222
TRXUSDT,SELL,LIMIT,1701116802286,1917,0.10222
TRXUSDT,SELL,LIMIT,1701116828152,529,0.10214
TRXUSDT,SELL,LIMIT,1701116867588,6635,0.10210
TRXUSDT,SELL,LIMIT,1701116877190,1373,0.10221
TRXUSDT,SELL,LIMIT,1701117596048,61,0.10201
TRXUSDT,SELL,LIMIT,1701117824805,44380,0.10192
TRXUSDT,SELL,LIMIT,1701118069378,844,0.10190
TRXUSDT,SELL,LIMIT,1701118087113,47,0.10188
TRXUSDT,SELL,LIMIT,1701118416337,24263,0.10183
TRXUSDT,SELL,LIMIT,1701118619264,481,0.10180
TRXUSDT,SELL,LIMIT,1701118736399,199,0.10179
TRXUSDT,SELL,LIMIT,1701119648404,992,0.10165
TRXUSDT,SELL,LIMIT,1701119649886,93,0.10161
TRXUSDT,SELL,LIMIT,1701121179124,2924,0.10154
TRXUSDT,BUY,LIMIT,1701121839444,29058,0.10248
TRXUSDT,SELL,LIMIT,1701121892074,3275,0.10148
TRXUSDT,SELL,LIMIT,1701121898963,12424,0.10146
TRXUSDT,SELL,LIMIT,1701122891242,136,0.10134
TRXUSDT,SELL,LIMIT,1701123137129,14096,0.10126
TRXUSDT,SELL,LIMIT,1701123751931,115,0.10116
TRXUSDT,SELL,LIMIT,1701124268693,960,0.10133
TRXUSDT,SELL,LIMIT,1701124542608,1150,0.10115
TRXUSDT,BUY,LIMIT,1701124746451,170,0.10203
TRXUSDT,SELL,LIMIT,1701124810781,103072,0.10109
TRXUSDT,SELL,LIMIT,1701124831905,2106,0.10108
TRXUSDT,SELL,LIMIT,1701125241357,817,0.10103
TRXUSDT,SELL,LIMIT,1701125417812,1441,0.10101
TRXUSDT,BUY,LIMIT,1701127890990,9472,0.10298
TRXUSDT,SELL,LIMIT,1701134494993,30588,0.10081
TRXUSDT,SELL,LIMIT,1701134511513,10090,0.10077
TRXUSDT,SELL,LIMIT,1701134532272,2304,0.10071
TRXUSDT,SELL,LIMIT,1701134556768,4548,0.10070
TRXUSDT,SELL,LIMIT,1701134612821,16233,0.10064
TRXUSDT,SELL,LIMIT,1701134629239,419,0.10063
TRXUSDT,SELL,LIMIT,1701134674976,329,0.10059
TRXUSDT,SELL,LIMIT,1701134695852,13948,0.10059
TRXUSDT,SELL,LIMIT,1701134868228,145,0.10054
TRXUSDT,SELL,LIMIT,1701134937800,98285,0.10053
TRXUSDT,SELL,LIMIT,1701134943751,103,0.10053
TRXUSDT,SELL,LIMIT,1701134999273,2110,0.10048
TRXUSDT,SELL,LIMIT,1701135000397,295,0.10049
TRXUSDT,SELL,LIMIT,1701135046153,1777,0.10044
TRXUSDT,SELL,LIMIT,1701135047216,479,0.10045
TRXUSDT,SELL,LIMIT,1701135049919,28,0.10044
TRXUSDT,SELL,LIMIT,1701135057322,3021,0.10043
TRXUSDT,SELL,LIMIT,1701135084107,405,0.10039
TRXUSDT,SELL,LIMIT,1701135085949,3608,0.10038
TRXUSDT,SELL,LIMIT,1701135087004,1615,0.10031
TRXUSDT,SELL,LIMIT,1701135296073,408,0.10016
TRXUSDT,SELL,LIMIT,1701135463291,228099,0.09995
TRXUSDT,SELL,LIMIT,1701135635243,1293,0.10011
TRXUSDT,SELL,LIMIT,1701135636386,8650,0.10008
TRXUSDT,SELL,LIMIT,1701135662089,487,0.10004
TRXUSDT,SELL,LIMIT,1701135692360,249,0.10001
TRXUSDT,SELL,LIMIT,1701135750388,557,0.09999
TRXUSDT,SELL,LIMIT,1701136309776,3771,0.09996
TRXUSDT,SELL,LIMIT,1701136313038,213512,0.09974
TRXUSDT,SELL,LIMIT,1701136314416,55,0.09989
TRXUSDT,SELL,LIMIT,1701136324059,315,0.09987
TRXUSDT,SELL,LIMIT,1701136421403,704,0.09984
TRXUSDT,SELL,LIMIT,1701136467959,4078,0.09979
TRXUSDT,SELL,LIMIT,1701136488047,202,0.09972
TRXUSDT,SELL,LIMIT,1701136489172,903,0.09974
TRXUSDT,SELL,LIMIT,1701136530203,1840,0.09969
TRXUSDT,SELL,LIMIT,1701136899239,3111,0.09963
TRXUSDT,SELL,LIMIT,1701136938048,4435,0.09961
TRXUSDT,SELL,LIMIT,1701137129379,6305,0.09950
TRXUSDT,SELL,LIMIT,1701137433292,5103,0.09939
TRXUSDT,SELL,LIMIT,1701137768739,41886,0.09931
TRXUSDT,SELL,LIMIT,1701137900432,11485,0.09922
TRXUSDT,BUY,LIMIT,1701138164279,3435,0.10125
TRXUSDT,BUY,LIMIT,1701138165454,2381,0.10129
TRXUSDT,BUY,LIMIT,1701138992839,821,0.10141
TRXUSDT,BUY,LIMIT,1701143770922,47872,0.10209
TRXUSDT,SELL,LIMIT,1701147874382,3410,0.10037
TRXUSDT,SELL,LIMIT,1701147875794,10000,0.10037
TRXUSDT,SELL,LIMIT,1701147910123,903,0.10029
TRXUSDT,SELL,LIMIT,1701148009079,517,0.10024
TRXUSDT,SELL,LIMIT,1701148220694,60791,0.10021
TRXUSDT,SELL,LIMIT,1701148996119,173,0.10016
TRXUSDT,SELL,LIMIT,1701149058151,2766,0.10011
TRXUSDT,SELL,LIMIT,1701149771344,1531,0.10017
TRXUSDT,SELL,LIMIT,1701149852022,23955,0.10010
TRXUSDT,SELL,LIMIT,1701149854240,7304,0.10010
TRXUSDT,SELL,LIMIT,1701149895583,314,0.10007
TRXUSDT,SELL,LIMIT,1701150631560,2783,0.09997
TRXUSDT,SELL,LIMIT,1701150707555,444,0.09988
TRXUSDT,SELL,LIMIT,1701151263535,7370,0.09973
TRXUSDT,SELL,LIMIT,1701151627401,4915,0.09968
TRXUSDT,BUY,LIMIT,1701154692462,28620,0.10173
TRXUSDT,BUY,LIMIT,1701158691780,50,0.10211
TRXUSDT,BUY,LIMIT,1701158897604,409,0.10216
TRXUSDT,BUY,LIMIT,1701160494202,6598,0.10252
TRXUSDT,BUY,LIMIT,1701174409100,64,0.10265
TRXUSDT,BUY,LIMIT,1701174419409,109,0.10275
TRXUSDT,BUY,LIMIT,1701174512942,290,0.10281
TRXUSDT,BUY,LIMIT,1701179760142,859,0.10289
TRXUSDT,BUY,LIMIT,1701179761383,1402,0.10291
TRXUSDT,BUY,LIMIT,1701180065184,2060,0.10299
TRXUSDT,BUY,LIMIT,1701180072489,135,0.10306
TRXUSDT,BUY,LIMIT,1701181227086,88713,0.10316
TRXUSDT,BUY,LIMIT,1701181260158,709,0.10319
TRXUSDT,BUY,LIMIT,1701181262235,12269,0.10322
TRXUSDT,BUY,LIMIT,1701182497014,94378,0.10350
TRXUSDT,BUY,LIMIT,1701189267359,17692,0.10354
TRXUSDT,BUY,LIMIT,1701189452222,1485,0.10357
TRXUSDT,BUY,LIMIT,1701189763310,48654,0.10366
TRXUSDT,SELL,LIMIT,1701189808592,1908,0.10238
TRXUSDT,BUY,LIMIT,1701189820495,40000,0.10371
TRXUSDT,BUY,LIMIT,1701189824078,151,0.10372
TRXUSDT,BUY,LIMIT,1701190316362,54998,0.10390
TRXUSDT,BUY,LIMIT,1701191965199,1283,0.10396
TRXUSDT,SELL,LIMIT,1701194820994,4093,0.10258
TRXUSDT,SELL,LIMIT,1701194903196,748,0.10231
TRXUSDT,SELL,LIMIT,1701197423455,3671,0.10229
TRXUSDT,SELL,LIMIT,1701197448653,1228,0.10224
TRXUSDT,SELL,LIMIT,1701197529299,329,0.10225
TRXUSDT,BUY,LIMIT,1701200469843,1009,0.10389
TRXUSDT,BUY,LIMIT,1701200544461,401,0.10412
TRXUSDT,SELL,LIMIT,1701207124204,49,0.10267
TRXUSDT,SELL,LIMIT,1701211906934,1847,0.10244
TRXUSDT,SELL,LIMIT,1701214485333,43495,0.10214
TRXUSDT,SELL,LIMIT,1701214624362,12183,0.10207
TRXUSDT,SELL,LIMIT,1701214665239,93,0.10205
TRXUSDT,SELL,LIMIT,1701214717514,6765,0.10204
TRXUSDT,SELL,LIMIT,1701214738895,5000,0.10200
TRXUSDT,SELL,LIMIT,1701231238417,1912,0.10227
TRXUSDT,BUY,LIMIT,1701241355069,12397,0.10411
TRXUSDT,BUY,LIMIT,1701241363056,10958,0.10425
TRXUSDT,BUY,LIMIT,1701242614961,2367,0.10448
TRXUSDT,BUY,LIMIT,1701242671920,251,0.10449
TRXUSDT,BUY,LIMIT,1701243890952,491,0.10442
TRXUSDT,BUY,LIMIT,1701248242830,83649,0.10457
TRXUSDT,BUY,LIMIT,1701248266252,3453,0.10458
TRXUSDT,BUY,LIMIT,1701248659549,691,0.10466
TRXUSDT,BUY,LIMIT,1701248710060,44,0.10467
TRXUSDT,BUY,LIMIT,1701248718326,2434,0.10468
TRXUSDT,BUY,LIMIT,1701248722056,5320,0.10454
TRXUSDT,BUY,LIMIT,1701251534846,162,0.10454
TRXUSDT,SELL,LIMIT,1701253409725,50000,0.10294
TRXUSDT,SELL,LIMIT,1701254359374,1029,0.10262
TRXUSDT,SELL,LIMIT,1701254410147,84,0.10254
TRXUSDT,SELL,LIMIT,1701254412286,71131,0.10252
TRXUSDT,SELL,LIMIT,1701254418157,2165,0.10248
