Symbol,Side,Order Type,Time,Quantity,Price
TRXUSDT,BUY,LIMIT,1701923201284,659,0.10599
TRXUSDT,BUY,LIMIT,1701923913198,274,0.10608
TRXUSDT,BUY,LIMIT,1701924139376,72,0.10612
TRXUSDT,BUY,LIMIT,1701925305849,39,0.10613
TRXUSDT,BUY,LIMIT,1701925633870,14730,0.10621
TRXUSDT,BUY,LIMIT,1701925970423,55,0.10592
TRXUSDT,BUY,LIMIT,1701927621071,16492,0.10599
TRXUSDT,BUY,LIMIT,1701931041789,291,0.10551
TRXUSDT,SELL,LIMIT,1701931807372,304,0.10428
TRXUSDT,SELL,LIMIT,1701934044403,699,0.10404
TRXUSDT,SELL,LIMIT,1701934160225,604,0.10399
TRXUSDT,SELL,LIMIT,1701937397783,53,0.10393
TRXUSDT,SELL,LIMIT,1701937819297,2732,0.10380
TRXUSDT,SELL,LIMIT,1701937841034,1330,0.10376
TRXUSDT,SELL,LIMIT,1701938118034,55,0.10374
TRXUSDT,SELL,LIMIT,1701939692110,387,0.10369
TRXUSDT,SELL,LIMIT,1701939871469,290,0.10361
TRXUSDT,SELL,LIMIT,1701939926913,108,0.10351
TRXUSDT,SELL,LIMIT,1701939934162,953,0.10350
TRXUSDT,SELL,LIMIT,1701939993170,127,0.10348
TRXUSDT,SELL,LIMIT,1701939994291,591,0.10348
TRXUSDT,SELL,LIMIT,1701940439495,190,0.10312
TRXUSDT,SELL,LIMIT,1701940441944,9679,0.10306
TRXUSDT,SELL,LIMIT,1701940451091,40089,0.10303
TRXUSDT,SELL,LIMIT,1701940452709,761,0.10303
TRXUSDT,SELL,LIMIT,1701940562541,190293,0.10273
TRXUSDT,SELL,LIMIT,1701940563798,200726,0.10273
TRXUSDT,SELL,LIMIT,1701940564906,3407,0.10287
TRXUSDT,SELL,LIMIT,1701940568263,600,0.10278
TRXUSDT,SELL,LIMIT,1701941074061,318,0.10278
TRXUSDT,SELL,LIMIT,1701941108202,581,0.10277
TRXUSDT,SELL,LIMIT,1701941153426,407,0.10272
TRXUSDT,SELL,LIMIT,1701941169468,18708,0.10264
TRXUSDT,SELL,LIMIT,1701941180481,62,0.10269
TRXUSDT,SELL,LIMIT,1701941188347,556,0.10248
TRXUSDT,SELL,LIMIT,1701941189616,1697,0.10244
TRXUSDT,SELL,LIMIT,1701941239526,91,0.10237
TRXUSDT,SELL,LIMIT,1701941244179,957,0.10237
TRXUSDT,SELL,LIMIT,1701941245635,113447,0.10230
TRXUSDT,SELL,LIMIT,1701943617061,2116,0.10324
TRXUSDT,SELL,LIMIT,1701951918598,740,0.10236
TRXUSDT,BUY,LIMIT,1701952308070,20104,0.10393
TRXUSDT,BUY,LIMIT,1701953976590,1,0.10416
TRXUSDT,BUY,LIMIT,1701963650896,2140,0.10439
TRXUSDT,BUY,LIMIT,1701963671958,95,0.10446
TRXUSDT,BUY,LIMIT,1701963685251,48,0.10448
TRXUSDT,BUY,LIMIT,1701963692105,7746,0.10449
TRXUSDT,BUY,LIMIT,1701963872829,1000,0.10432
TRXUSDT,BUY,LIMIT,1701965808512,12726,0.10440
TRXUSDT,SELL,LIMIT,1701966850167,190849,0.10329
TRXUSDT,BUY,LIMIT,1701967758788,19272,0.10492
TRXUSDT,SELL,LIMIT,1701973752402,79,0.10345
TRXUSDT,SELL,LIMIT,1701976454741,3726,0.10312
TRXUSDT,SELL,LIMIT,1701976859455,7092,0.10296
TRXUSDT,SELL,LIMIT,1701977298227,633,0.10281
TRXUSDT,BUY,LIMIT,1701984524748,12738,0.10473
TRXUSDT,BUY,LIMIT,1701996194460,503,0.10520
TRXUSDT,BUY,LIMIT,1701996659667,316,0.10529
TRXUSDT,BUY,LIMIT,1701996669033,5315,0.10532
TRXUSDT,BUY,LIMIT,1701998315065,6575,0.10554
TRXUSDT,BUY,LIMIT,1701998370573,186,0.10566
TRXUSDT,BUY,LIMIT,1702006362565,10510,0.10551
TRXUSDT,SELL,LIMIT,1702006405628,400,0.10418
TRXUSDT,BUY,LIMIT,1702008773977,2500,0.10573
TRXUSDT,BUY,LIMIT,1702008778220,58,0.10574
TRXUSDT,BUY,LIMIT,1702009487427,5721,0.10552
TRXUSDT,BUY,LIMIT,1702009676988,3125,0.10573
TRXUSDT,SELL,LIMIT,1702011015412,15570,0.10429
TRXUSDT,BUY,LIMIT,1702013575412,7433,0.10578
TRXUSDT,BUY,LIMIT,1702014312246,275,0.10594
TRXUSDT,BUY,LIMIT,1702015249154,76,0.10609
TRXUSDT,BUY,LIMIT,1702015946372,1356,0.10611
TRXUSDT,SELL,LIMIT,1702016876677,549,0.10466
TRXUSDT,BUY,LIMIT,1702018380321,13051,0.10600
TRXUSDT,BUY,LIMIT,1702021964214,396,0.10636
TRXUSDT,BUY,LIMIT,1702022201299,42512,0.10662
TRXUSDT,BUY,LIMIT,1702022308256,689,0.10664
TRXUSDT,BUY,LIMIT,1702022312074,35277,0.10664
TRXUSDT,SELL,LIMIT,1702022489173,522,0.10532
TRXUSDT,BUY,LIMIT,1702027065094,94510,0.10683
TRXUSDT,BUY,LIMIT,1702027066619,3347,0.10691
TRXUSDT,SELL,LIMIT,1702030873281,1828,0.10545
TRXUSDT,SELL,LIMIT,1702032395244,41426,0.10532
TRXUSDT,BUY,LIMIT,1702034504215,23409,0.10684
TRXUSDT,BUY,LIMIT,1702034782901,21526,0.10671
TRXUSDT,BUY,LIMIT,1702034788863,408,0.10667
TRXUSDT,BUY,LIMIT,1702035012125,1807,0.10677
TRXUSDT,BUY,LIMIT,1702035157863,1810,0.10673
TRXUSDT,BUY,LIMIT,1702035162707,396,0.10675
TRXUSDT,SELL,LIMIT,1702035245821,299,0.10539
TRXUSDT,BUY,LIMIT,1702035301341,350,0.10679
TRXUSDT,BUY,LIMIT,1702036072540,438,0.10655
TRXUSDT,BUY,LIMIT,1702036163397,3836,0.10651
TRXUSDT,BUY,LIMIT,1702036193639,40,0.10652
TRXUSDT,BUY,LIMIT,1702038481100,54466,0.10673
TRXUSDT,SELL,LIMIT,1702038622242,512,0.10568
TRXUSDT,BUY,LIMIT,1702039084394,58,0.10670
TRXUSDT,BUY,LIMIT,1702039313247,3501,0.10679
TRXUSDT,BUY,LIMIT,1702039393164,1000,0.10675
TRXUSDT,BUY,LIMIT,1702043343353,4831,0.10670
TRXUSDT,SELL,LIMIT,1702043698627,254,0.10613
TRXUSDT,BUY,LIMIT,1702043717011,9222,0.10666
TRXUSDT,SELL,LIMIT,1702045624506,2777,0.10546
TRXUSDT,BUY,LIMIT,1702045885456,2354,0.10660
TRXUSDT,BUY,LIMIT,1702047700059,10126,0.10673
TRXUSDT,BUY,LIMIT,1702048108127,103,0.10677
TRXUSDT,BUY,LIMIT,1702050454463,12631,0.10673
TRXUSDT,BUY,LIMIT,1702050456356,20562,0.10673
TRXUSDT,SELL,LIMIT,1702050601131,121,0.10532
TRXUSDT,BUY,LIMIT,1702051257194,16499,0.10673
TRXUSDT,BUY,LIMIT,1702051271332,293,0.10674
TRXUSDT,BUY,LIMIT,1702051483406,67,0.10694
TRXUSDT,BUY,LIMIT,1702051515200,2365,0.10701
TRXUSDT,BUY,LIMIT,1702051720065,2258,0.10708
TRXUSDT,BUY,LIMIT,1702051721074,305,0.10709
TRXUSDT,BUY,LIMIT,1702051759357,21078,0.10714
TRXUSDT,BUY,LIMIT,1702051904208,68,0.10716
TRXUSDT,BUY,LIMIT,1702052084084,49,0.10723
TRXUSDT,BUY,LIMIT,1702052101345,179,0.10723
TRXUSDT,BUY,LIMIT,1702052161449,471,0.10725
TRXUSDT,BUY,LIMIT,1702052164262,167,0.10729
TRXUSDT,BUY,LIMIT,1702052218555,568,0.10729
TRXUSDT,BUY,LIMIT,1702052270925,728,0.10732
TRXUSDT,BUY,LIMIT,1702052280092,2268,0.10737
TRXUSDT,BUY,LIMIT,1702052282633,279,0.10736
TRXUSDT,BUY,LIMIT,1702060323071,16411,0.10742
TRXUSDT,BUY,LIMIT,1702060324293,55,0.10742
TRXUSDT,BUY,LIMIT,1702060326244,703,0.10744
TRXUSDT,BUY,LIMIT,1702060333265,64,0.10745
TRXUSDT,BUY,LIMIT,1702060354067,969,0.10747
TRXUSDT,BUY,LIMIT,1702061458341,250000,0.10768
TRXUSDT,BUY,LIMIT,1702065742957,597,0.10763
TRXUSDT,BUY,LIMIT,1702065786444,58,0.10774
TRXUSDT,BUY,LIMIT,1702065811550,3182,0.10778
TRXUSDT,BUY,LIMIT,1702065942715,1206,0.10773
TRXUSDT,BUY,LIMIT,1702066727081,58,0.10788
TRXUSDT,BUY,LIMIT,1702066816913,200,0.10792
TRXUSDT,BUY,LIMIT,1702066944513,1187,0.10795
TRXUSDT,BUY,LIMIT,1702067311075,480,0.10801
TRXUSDT,BUY,LIMIT,1702067313160,49,0.10801
TRXUSDT,BUY,LIMIT,1702067589493,1999,0.10789
TRXUSDT,BUY,LIMIT,1702070556189,624,0.10760
TRXUSDT,BUY,LIMIT,1702070895514,6326,0.10763
TRXUSDT,SELL,LIMIT,1702071801798,3450,0.10585
TRXUSDT,BUY,LIMIT,1702072671667,196,0.10725
TRXUSDT,BUY,LIMIT,1702074074725,862,0.10726
TRXUSDT,BUY,LIMIT,1702075511201,3230,0.10715
TRXUSDT,SELL,LIMIT,1702076035156,163,0.10577
TRXUSDT,BUY,LIMIT,1702078182357,85004,0.10740
TRXUSDT,BUY,LIMIT,1702078609448,426,0.10743
TRXUSDT,BUY,LIMIT,1702079068487,12604,0.10744
TRXUSDT,BUY,LIMIT,1702080233156,407,0.10742
TRXUSDT,BUY,LIMIT,1702080246123,1800,0.10747
TRXUSDT,BUY,LIMIT,1702080402587,1807,0.10754
TRXUSDT,BUY,LIMIT,1702080779450,9637,0.10787
TRXUSDT,BUY,LIMIT,1702080885941,896,0.10790
TRXUSDT,BUY,LIMIT,1702080982975,3562,0.10791
TRXUSDT,BUY,LIMIT,1702080991448,56,0.10791
TRXUSDT,BUY,LIMIT,1702081007317,43326,0.10797
TRXUSDT,BUY,LIMIT,1702081183104,3125,0.10793
TRXUSDT,BUY,LIMIT,1702081229517,165861,0.10804
TRXUSDT,BUY,LIMIT,1702081350717,7904,0.10788
TRXUSDT,SELL,LIMIT,1702081364752,2295,0.10651
TRXUSDT,BUY,LIMIT,1702081663162,591,0.10792
TRXUSDT,BUY,LIMIT,1702081703804,10317,0.10792
TRXUSDT,BUY,LIMIT,1702081984547,1812,0.10790
TRXUSDT,BUY,LIMIT,1702082438190,7500,0.10771
TRXUSDT,BUY,LIMIT,1702082441745,386,0.10774
TRXUSDT,BUY,LIMIT,1702082974938,3420,0.10788
TRXUSDT,BUY,LIMIT,1702083126195,3439,0.10791
TRXUSDT,BUY,LIMIT,1702083491307,3391,0.10785
TRXUSDT,BUY,LIMIT,1702083511277,2096,0.10785
TRXUSDT,SELL,LIMIT,1702084181225,3000,0.10602
TRXUSDT,BUY,LIMIT,1702085555500,54,0.10779
TRXUSDT,BUY,LIMIT,1702085900320,3791,0.10796
TRXUSDT,BUY,LIMIT,1702085901360,2304,0.10796
TRXUSDT,BUY,LIMIT,1702087967770,4453,0.10805
TRXUSDT,BUY,LIMIT,1702087969155,104,0.10808
TRXUSDT,BUY,LIMIT,1702088122049,77,0.10809
TRXUSDT,BUY,LIMIT,1702091456487,1500,0.10812
TRXUSDT,BUY,LIMIT,1702091789061,475,0.10819
TRXUSDT,BUY,LIMIT,1702091857249,477,0.10823
TRXUSDT,BUY,LIMIT,1702091933373,244,0.10823
TRXUSDT,BUY,LIMIT,1702091937208,460,0.10829
TRXUSDT,BUY,LIMIT,1702091976464,67,0.10817
TRXUSDT,BUY,LIMIT,1702092592044,201589,0.10851
TRXUSDT,BUY,LIMIT,1702092597655,1491,0.10833
TRXUSDT,BUY,LIMIT,1702092602901,147,0.10833
TRXUSDT,BUY,LIMIT,1702093183255,1812,0.10824
TRXUSDT,BUY,LIMIT,1702094617865,1059,0.10823
TRXUSDT,BUY,LIMIT,1702094628258,927,0.10822
TRXUSDT,BUY,LIMIT,1702094637317,884,0.10822
TRXUSDT,SELL,LIMIT,1702094841574,9376,0.10869
TRXUSDT,BUY,LIMIT,1702094844373,3959,0.10813
TRXUSDT,BUY,LIMIT,1702096351272,2502,0.10801
TRXUSDT,BUY,LIMIT,1702097246202,168,0.10839
TRXUSDT,BUY,LIMIT,1702097613093,8609,0.10846
TRXUSDT,BUY,LIMIT,1702097934237,4052,0.10849
TRXUSDT,BUY,LIMIT,1702098002793,375,0.10853
TRXUSDT,BUY,LIMIT,1702098282463,62,0.10864
TRXUSDT,BUY,LIMIT,1702098283509,1050,0.10874
TRXUSDT,BUY,LIMIT,1702098327499,3235,0.10876
TRXUSDT,BUY,LIMIT,1702098375511,2015,0.10884
TRXUSDT,BUY,LIMIT,1702098469087,1187,0.10888
TRXUSDT,BUY,LIMIT,1702098537088,12129,0.10895
TRXUSDT,BUY,LIMIT,1702098538093,2370,0.10903
TRXUSDT,BUY,LIMIT,1702098540151,2310,0.10904
TRXUSDT,BUY,LIMIT,1702099075118,2750,0.10893
TRXUSDT,BUY,LIMIT,1702101204888,2681,0.10887
TRXUSDT,BUY,LIMIT,1702101207276,3653,0.10889
TRXUSDT,BUY,LIMIT,1702102332415,160000,0.10897
TRXUSDT,BUY,LIMIT,1702102343868,3587,0.10881
TRXUSDT,BUY,LIMIT,1702102929864,3439,0.10907
TRXUSDT,BUY,LIMIT,1702102938562,1509,0.10908
TRXUSDT,BUY,LIMIT,1702103073329,4171,0.10911
TRXUSDT,BUY,LIMIT,1702103158634,529,0.10910
TRXUSDT,BUY,LIMIT,1702103212393,2782,0.10909
TRXUSDT,BUY,LIMIT,1702103376622,3439,0.10912
TRXUSDT,BUY,LIMIT,1702103397147,487269,0.10948
TRXUSDT,BUY,LIMIT,1702104505077,2467,0.10915
TRXUSDT,BUY,LIMIT,1702105024212,291,0.10876
TRXUSDT,BUY,LIMIT,1702105689350,2197,0.10904
TRXUSDT,BUY,LIMIT,1702106294771,2428,0.10909
TRXUSDT,BUY,LIMIT,1702106867153,92191,0.10896
TRXUSDT,BUY,LIMIT,1702106888279,1254,0.10901
TRXUSDT,BUY,LIMIT,1702108165848,10320,0.10925
TRXUSDT,BUY,LIMIT,1702108293834,638,0.10931
TRXUSDT,BUY,LIMIT,1702108359269,432,0.10923
TRXUSDT,BUY,LIMIT,1702108366208,1775,0.10923
TRXUSDT,BUY,LIMIT,1702108418160,3674,0.10924
TRXUSDT,BUY,LIMIT,1702108513287,2803,0.10928
TRXUSDT,BUY,LIMIT,1702108532625,57664,0.10929
TRXUSDT,BUY,LIMIT,1702108556863,8059,0.10930
TRXUSDT,BUY,LIMIT,1702108570132,17919,0.10931
TRXUSDT,BUY,LIMIT,1702108938427,2588,0.10931
TRXUSDT,BUY,LIMIT,1702108951658,13602,0.10932
TRXUSDT,BUY,LIMIT,1702109102696,608,0.10939
TRXUSDT,BUY,LIMIT,1702109414644,12036,0.10942
TRXUSDT,BUY,LIMIT,1702109476745,11318,0.10943
TRXUSDT,BUY,LIMIT,1702109524356,172,0.10947
TRXUSDT,BUY,LIMIT,1702109526239,2206,0.10949
TRXUSDT,BUY,LIMIT,1702109691330,562,0.10942
TRXUSDT,BUY,LIMIT,1702109892379,200,0.10955
TRXUSDT,SELL,LIMIT,1702109987034,567,0.10819
TRXUSDT,BUY,LIMIT,1702110258876,5538,0.10946
TRXUSDT,BUY,LIMIT,1702110274162,809,0.10945
TRXUSDT,BUY,LIMIT,1702110419037,77,0.10946
TRXUSDT,BUY,LIMIT,1702110727457,126,0.10937
TRXUSDT,SELL,LIMIT,1702110978112,34218,0.10734
TRXUSDT,SELL,LIMIT,1702110980075,432,0.10729
TRXUSDT,SELL,LIMIT,1702110983450,47557,0.10714
TRXUSDT,SELL,LIMIT,1702110984845,15231,0.10716
TRXUSDT,SELL,LIMIT,1702111032575,93,0.10717
TRXUSDT,SELL,LIMIT,1702111040197,92,0.10709
TRXUSDT,SELL,LIMIT,1702111041482,46677,0.10703
TRXUSDT,SELL,LIMIT,1702111043582,315,0.10699
TRXUSDT,SELL,LIMIT,1702111045849,3690,0.10696
TRXUSDT,SELL,LIMIT,1702111188211,1343,0.10690
TRXUSDT,SELL,LIMIT,1702111189814,3665,0.10689
TRXUSDT,SELL,LIMIT,1702111192219,6770,0.10683
TRXUSDT,SELL,LIMIT,1702111199471,3469,0.10681
TRXUSDT,SELL,LIMIT,1702111387511,48070,0.10649
TRXUSDT,BUY,LIMIT,1702131357434,382,0.10900
TRXUSDT,SELL,LIMIT,1702133001556,1391,0.10724
TRXUSDT,SELL,LIMIT,1702133002593,4592,0.10692
TRXUSDT,SELL,LIMIT,1702133004892,55985,0.10688
TRXUSDT,SELL,LIMIT,1702133006134,47,0.10673
