Symbol,Side,Order Type,Time,Quantity,Price
TUSDT,BUY,LIMIT,1701923259807,1406,0.0266933
TUSDT,SELL,LIMIT,1701939866771,7547,0.0250917
TUSDT,SELL,LIMIT,1701940013728,2531,0.0250286
TUSDT,SELL,LIMIT,1701940561176,6506,0.0248432
TUSDT,SELL,LIMIT,1701940675101,85118,0.0248103
TUSDT,SELL,LIMIT,1701940984969,7677,0.0247522
TUSDT,SELL,LIMIT,1701941143322,2216,0.0246688
TUSDT,SELL,LIMIT,1701941148447,4020,0.0246467
TUSDT,SELL,LIMIT,1701941151310,750,0.0246117
TUSDT,SELL,LIMIT,1701941158088,11204,0.0245832
TUSDT,SELL,LIMIT,1701941185636,394,0.0245565
TUSDT,SELL,LIMIT,1701941190149,4169,0.0245108
TUSDT,SELL,LIMIT,1701941195831,429,0.0244473
TUSDT,SELL,LIMIT,1701941207620,15488,0.0244661
TUSDT,SELL,LIMIT,1701941324339,36771,0.0244212
TUSDT,BUY,LIMIT,1702036576255,884,0.0272441
TUSDT,BUY,LIMIT,1702053445379,2633,0.0274857
TUSDT,BUY,LIMIT,1702065978302,197,0.0275370
TUSDT,SELL,LIMIT,1702070625644,1331,0.0264096
TUSDT,BUY,LIMIT,1702071473319,1315,0.0275298
TUSDT,BUY,LIMIT,1702081802038,1242,0.0276827
TUSDT,BUY,LIMIT,1702082106889,3462,0.0276761
TUSDT,SELL,LIMIT,1702108319063,13013,0.0268069
TUSDT,BUY,LIMIT,1702109244834,3080,0.0279723
TUSDT,BUY,LIMIT,1702109775353,1863,0.0279353
TUSDT,SELL,LIMIT,1702110968990,9682,0.0264446
TUSDT,BUY,LIMIT,1702111031400,539,0.0273917
TUSDT,SELL,LIMIT,1702111380770,17616,0.0261438
TUSDT,SELL,LIMIT,1702133373323,880,0.0263021
TUSDT,SELL,LIMIT,1702164800433,729,0.0260024
TUSDT,SELL,LIMIT,1702201340310,3155,0.0256026
TUSDT,SELL,LIMIT,1702202056091,560,0.0254585
TUSDT,SELL,LIMIT,1702202157134,1848,0.0254213
TUSDT,SELL,LIMIT,1702202298159,371,0.0253711
TUSDT,SELL,LIMIT,1702202318311,5067,0.0253583
TUSDT,SELL,LIMIT,1702202323568,352,0.0253566
TUSDT,SELL,LIMIT,1702202379361,857,0.0252860
TUSDT,SELL,LIMIT,1702202380363,183,0.0252860
TUSDT,SELL,LIMIT,1702241182472,24,0.0262438
TUSDT,SELL,LIMIT,1702254152541,471,0.0260837
TUSDT,SELL,LIMIT,1702260437352,4300,0.0253368
TUSDT,SELL,LIMIT,1702260446813,127,0.0252299
TUSDT,SELL,LIMIT,1702260628733,220,0.0252106
TUSDT,SELL,LIMIT,1702260635104,272,0.0251812
TUSDT,SELL,LIMIT,1702260709230,1909,0.0250507
TUSDT,SELL,LIMIT,1702260710287,444,0.0250139
TUSDT,SELL,LIMIT,1702260719360,11918,0.0249144
TUSDT,SELL,LIMIT,1702260725792,35268,0.0249055
TUSDT,SELL,LIMIT,1702260730152,7244,0.0248764
TUSDT,SELL,LIMIT,1702260734019,186194,0.0248188
TUSDT,SELL,LIMIT,1702260738577,6930,0.0247882
TUSDT,SELL,LIMIT,1702260739611,20067,0.0247964
TUSDT,SELL,LIMIT,1702260740843,605,0.0247641
TUSDT,SELL,LIMIT,1702260742399,29614,0.0247361
TUSDT,SELL,LIMIT,1702260743656,12327,0.0247702
TUSDT,SELL,LIMIT,1702260746121,9678,0.0247384
TUSDT,SELL,LIMIT,1702260747782,2077,0.0247007
TUSDT,SELL,LIMIT,1702260750176,151128,0.0247650
TUSDT,SELL,LIMIT,1702260751808,79391,0.0246607
TUSDT,SELL,LIMIT,1702260752824,741,0.0246145
TUSDT,SELL,LIMIT,1702260756110,113514,0.0245227
TUSDT,SELL,LIMIT,1702260757678,10168,0.0245364
TUSDT,SELL,LIMIT,1702260759494,10246,0.0245156
TUSDT,SELL,LIMIT,1702260760455,183,0.0245156
TUSDT,SELL,LIMIT,1702260761983,222,0.0244715
TUSDT,SELL,LIMIT,1702260763026,4923,0.0244754
TUSDT,SELL,LIMIT,1702260764755,183,0.0244020
TUSDT,SELL,LIMIT,1702260766716,376,0.0244755
TUSDT,SELL,LIMIT,1702260767883,376,0.0244703
TUSDT,SELL,LIMIT,1702260769691,189969,0.0244274
TUSDT,SELL,LIMIT,1702260770794,3000,0.0244097
TUSDT,SELL,LIMIT,1702260771819,376,0.0244060
TUSDT,SELL,LIMIT,1702260772860,24035,0.0243338
TUSDT,SELL,LIMIT,1702260774803,3938,0.0242911
TUSDT,SELL,LIMIT,1702260775828,26408,0.0242911
TUSDT,SELL,LIMIT,1702260776917,376,0.0242911
TUSDT,SELL,LIMIT,1702260777929,2070,0.0244606
TUSDT,SELL,LIMIT,1702260779212,376,0.0241687
TUSDT,SELL,LIMIT,1702260780561,1472,0.0241442
TUSDT,SELL,LIMIT,1702260781594,376,0.0240400
TUSDT,SELL,LIMIT,1702260783017,5315,0.0240254
TUSDT,SELL,LIMIT,1702260784205,29199,0.0242549
TUSDT,SELL,LIMIT,1702260786004,20369,0.0239403
TUSDT,SELL,LIMIT,1702260787718,183,0.0239382
TUSDT,SELL,LIMIT,1702260788875,4164,0.0238239
TUSDT,SELL,LIMIT,1702260790237,52,0.0237795
TUSDT,SELL,LIMIT,1702260792937,3481,0.0238337
TUSDT,SELL,LIMIT,1702260794440,4334,0.0236595
TUSDT,SELL,LIMIT,1702260795809,760,0.0236837
TUSDT,SELL,LIMIT,1702260797487,1069,0.0236056
TUSDT,SELL,LIMIT,1702260799277,10507,0.0236178
TUSDT,SELL,LIMIT,1702260800765,376,0.0236106
TUSDT,SELL,LIMIT,1702260802216,10534,0.0235984
TUSDT,SELL,LIMIT,1702260803311,9251,0.0235656
TUSDT,SELL,LIMIT,1702260804591,1858,0.0235656
TUSDT,SELL,LIMIT,1702260805710,1062,0.0235319
TUSDT,SELL,LIMIT,1702260807399,15804,0.0235013
TUSDT,SELL,LIMIT,1702260808958,12490,0.0235319
TUSDT,SELL,LIMIT,1702260810303,148463,0.0234891
TUSDT,SELL,LIMIT,1702260811317,28749,0.0234171
TUSDT,SELL,LIMIT,1702260813265,19531,0.0233969
TUSDT,SELL,LIMIT,1702260816288,4430,0.0233054
TUSDT,SELL,LIMIT,1702260818280,188,0.0232461
TUSDT,SELL,LIMIT,1702260861356,476,0.0239596
TUSDT,SELL,LIMIT,1702262873708,2158,0.0239022
TUSDT,SELL,LIMIT,1702265724235,190,0.0246757
TUSDT,SELL,LIMIT,1702266101500,190,0.0247172
