Symbol,Side,Order Type,Time,Quantity,Price
TWTUSDT,SELL,LIMIT,1701936915352,32,1.171247
TWTUSDT,SELL,LIMIT,1701940011151,3984,1.159444
TWTUSDT,SELL,LIMIT,1701941098009,85,1.152583
TWTUSDT,SELL,LIMIT,1701941112341,526,1.147795
TWTUSDT,SELL,LIMIT,1701941165531,4219,1.143869
TWTUSDT,SELL,LIMIT,1701941175119,189,1.140301
TWTUSDT,SELL,LIMIT,1701941189900,65,1.139008
TWTUSDT,BUY,LIMIT,1701953976591,1,1.201354
TWTUSDT,BUY,LIMIT,1701962570108,17,1.204464
TWTUSDT,SELL,LIMIT,1701977350960,4156,1.172918
TWTUSDT,BUY,LIMIT,1701983903080,348,1.235838
TWTUSDT,BUY,LIMIT,1701994803052,208,1.238289
TWTUSDT,SELL,LIMIT,1701997732987,2430,1.194324
TWTUSDT,BUY,LIMIT,1701998859212,170,1.237750
TWTUSDT,BUY,LIMIT,1702002365638,4192,1.240428
TWTUSDT,BUY,LIMIT,1702007154541,24,1.244187
TWTUSDT,BUY,LIMIT,1702008589147,171,1.246458
TWTUSDT,SELL,LIMIT,1702029651338,303,1.182695
TWTUSDT,SELL,LIMIT,1702031914540,52,1.179151
TWTUSDT,SELL,LIMIT,1702040524545,503,1.193711
TWTUSDT,SELL,LIMIT,1702049522109,270,1.193226
TWTUSDT,SELL,LIMIT,1702050839712,10,1.189768
TWTUSDT,BUY,LIMIT,1702055597774,66,1.243178
TWTUSDT,BUY,LIMIT,1702058266054,32,1.250314
TWTUSDT,BUY,LIMIT,1702059054523,4092,1.254808
TWTUSDT,BUY,LIMIT,1702059102428,500,1.257149
TWTUSDT,BUY,LIMIT,1702059458118,162,1.268683
TWTUSDT,BUY,LIMIT,1702059462365,799,1.268917
TWTUSDT,BUY,LIMIT,1702064195893,32,1.264666
TWTUSDT,BUY,LIMIT,1702068897918,35,1.243943
TWTUSDT,BUY,LIMIT,1702070630509,618,1.273367
TWTUSDT,BUY,LIMIT,1702071477963,637,1.279849
TWTUSDT,SELL,LIMIT,1702073230052,247,1.239583
TWTUSDT,SELL,LIMIT,1702082513111,22,1.251936
TWTUSDT,SELL,LIMIT,1702084001722,10,1.242544
TWTUSDT,SELL,LIMIT,1702084202177,1306,1.229389
TWTUSDT,SELL,LIMIT,1702100145650,32,1.241664
TWTUSDT,BUY,LIMIT,1702106369280,100,1.299730
TWTUSDT,BUY,LIMIT,1702108996327,30,1.306863
TWTUSDT,BUY,LIMIT,1702109244834,52,1.302651
TWTUSDT,SELL,LIMIT,1702111033023,11,1.240070
TWTUSDT,SELL,LIMIT,1702111042541,778,1.238965
TWTUSDT,SELL,LIMIT,1702111045709,388,1.239768
TWTUSDT,SELL,LIMIT,1702111373238,310,1.235533
TWTUSDT,SELL,LIMIT,1702111380960,124,1.231637
TWTUSDT,SELL,LIMIT,1702125008107,845,1.244424
TWTUSDT,SELL,LIMIT,1702125016062,65,1.243654
TWTUSDT,SELL,LIMIT,1702132465394,6715,1.237897
TWTUSDT,SELL,LIMIT,1702132796670,3944,1.237057
TWTUSDT,SELL,LIMIT,1702132927425,973,1.234171
TWTUSDT,SELL,LIMIT,1702132945656,3248,1.233401
TWTUSDT,SELL,LIMIT,1702132954475,3940,1.232128
TWTUSDT,SELL,LIMIT,1702133004034,179,1.227962
TWTUSDT,SELL,LIMIT,1702133005988,4012,1.231158
TWTUSDT,SELL,LIMIT,1702133009490,999,1.225368
TWTUSDT,SELL,LIMIT,1702133010970,696,1.224701
TWTUSDT,SELL,LIMIT,1702133397384,1250,1.223855
TWTUSDT,BUY,LIMIT,1702133919250,312,1.270420
TWTUSDT,SELL,LIMIT,1702141850082,2141,1.223399
TWTUSDT,SELL,LIMIT,1702144696113,95,1.221800
TWTUSDT,SELL,LIMIT,1702144760552,24,1.218029
TWTUSDT,SELL,LIMIT,1702144795354,409,1.215367
TWTUSDT,BUY,LIMIT,1702152155397,20,1.266155
TWTUSDT,SELL,LIMIT,1702156365026,4000,1.214435
TWTUSDT,SELL,LIMIT,1702164449368,4014,1.215116
TWTUSDT,SELL,LIMIT,1702164549060,248,1.209973
TWTUSDT,SELL,LIMIT,1702164551265,959,1.209930
TWTUSDT,SELL,LIMIT,1702164608846,11,1.207605
TWTUSDT,SELL,LIMIT,1702164610342,107,1.205660
TWTUSDT,SELL,LIMIT,1702164612465,83,1.205176
TWTUSDT,SELL,LIMIT,1702164748438,93,1.204696
TWTUSDT,SELL,LIMIT,1702164752958,3480,1.203857
TWTUSDT,SELL,LIMIT,1702164786231,29,1.203173
TWTUSDT,SELL,LIMIT,1702164800887,88,1.202645
TWTUSDT,SELL,LIMIT,1702164803010,20,1.201087
TWTUSDT,SELL,LIMIT,1702164806080,425,1.199682
TWTUSDT,SELL,LIMIT,1702164807669,1237,1.199199
TWTUSDT,SELL,LIMIT,1702164809052,162,1.199022
TWTUSDT,SELL,LIMIT,1702164812494,208,1.198573
TWTUSDT,SELL,LIMIT,1702164844121,197,1.199775
TWTUSDT,SELL,LIMIT,1702164866366,16,1.197080
TWTUSDT,SELL,LIMIT,1702164867446,23,1.197068
TWTUSDT,SELL,LIMIT,1702164871844,1589,1.196876
TWTUSDT,SELL,LIMIT,1702190001504,2028,1.232353
TWTUSDT,SELL,LIMIT,1702193876509,24,1.218640
TWTUSDT,SELL,LIMIT,1702196358283,4007,1.215893
TWTUSDT,SELL,LIMIT,1702196676616,2327,1.213127
TWTUSDT,SELL,LIMIT,1702196690466,43,1.212441
TWTUSDT,SELL,LIMIT,1702197899331,965,1.204887
TWTUSDT,SELL,LIMIT,1702200460564,1843,1.204821
TWTUSDT,SELL,LIMIT,1702200765510,303,1.200227
TWTUSDT,SELL,LIMIT,1702201479284,1000,1.194707
TWTUSDT,SELL,LIMIT,1702201481200,1679,1.194704
TWTUSDT,SELL,LIMIT,1702202106833,48,1.190726
TWTUSDT,SELL,LIMIT,1702202294132,11,1.189325
TWTUSDT,SELL,LIMIT,1702202299535,217,1.188345
TWTUSDT,SELL,LIMIT,1702202322260,15,1.187123
TWTUSDT,SELL,LIMIT,1702202323832,1179,1.186486
TWTUSDT,SELL,LIMIT,1702202373650,414,1.185350
TWTUSDT,SELL,LIMIT,1702202380567,67,1.184463
TWTUSDT,SELL,LIMIT,1702202390248,274,1.184014
TWTUSDT,SELL,LIMIT,1702202404510,229,1.183188
TWTUSDT,SELL,LIMIT,1702227202632,446,1.204569
TWTUSDT,BUY,LIMIT,1702241650761,194,1.265434
TWTUSDT,SELL,LIMIT,1702243711309,44,1.227091
TWTUSDT,SELL,LIMIT,1702260422001,1200,1.208481
TWTUSDT,SELL,LIMIT,1702260433838,321,1.199984
TWTUSDT,SELL,LIMIT,1702260440002,165,1.197145
TWTUSDT,SELL,LIMIT,1702260627518,50,1.192392
TWTUSDT,SELL,LIMIT,1702260633780,604,1.189991
TWTUSDT,SELL,LIMIT,1702260637410,82,1.188751
TWTUSDT,SELL,LIMIT,1702260667881,474,1.186257
TWTUSDT,SELL,LIMIT,1702260691449,181,1.186167
TWTUSDT,SELL,LIMIT,1702260695420,2655,1.184759
TWTUSDT,SELL,LIMIT,1702260700431,337,1.183785
TWTUSDT,SELL,LIMIT,1702260707765,160,1.182435
TWTUSDT,SELL,LIMIT,1702260709980,116,1.181249
TWTUSDT,SELL,LIMIT,1702260712903,75,1.183604
TWTUSDT,SELL,LIMIT,1702260716778,71,1.180724
TWTUSDT,SELL,LIMIT,1702260718571,834,1.174874
TWTUSDT,SELL,LIMIT,1702260720367,4218,1.173909
TWTUSDT,SELL,LIMIT,1702260721733,4013,1.174050
TWTUSDT,SELL,LIMIT,1702260723887,432,1.171856
TWTUSDT,SELL,LIMIT,1702260724948,1346,1.171805
TWTUSDT,SELL,LIMIT,1702260726545,82,1.169399
TWTUSDT,SELL,LIMIT,1702260728938,2138,1.168076
TWTUSDT,SELL,LIMIT,1702260731044,753,1.169317
TWTUSDT,SELL,LIMIT,1702260733166,574,1.166786
TWTUSDT,SELL,LIMIT,1702260737493,100,1.194873
TWTUSDT,SELL,LIMIT,1702260741245,145,1.165872
TWTUSDT,SELL,LIMIT,1702260743176,880,1.165534
TWTUSDT,SELL,LIMIT,1702260746418,163,1.163231
TWTUSDT,SELL,LIMIT,1702260747840,503,1.174187
TWTUSDT,SELL,LIMIT,1702260749696,3976,1.162076
TWTUSDT,SELL,LIMIT,1702260750829,300,1.162617
TWTUSDT,SELL,LIMIT,1702260752822,73,1.161913
TWTUSDT,SELL,LIMIT,1702260754515,20,1.173612
TWTUSDT,SELL,LIMIT,1702260755713,22,1.529312
TWTUSDT,SELL,LIMIT,1702260756932,3857,1.161250
TWTUSDT,SELL,LIMIT,1702260757974,161,1.159930
TWTUSDT,SELL,LIMIT,1702260759293,240,1.160513
TWTUSDT,SELL,LIMIT,1702260760979,2770,1.157091
TWTUSDT,SELL,LIMIT,1702260761983,4,1.156957
TWTUSDT,SELL,LIMIT,1702260763090,121,1.156780
TWTUSDT,SELL,LIMIT,1702260764277,401,1.156394
TWTUSDT,SELL,LIMIT,1702260765750,300,1.156441
TWTUSDT,SELL,LIMIT,1702260766753,1240,1.156379
TWTUSDT,SELL,LIMIT,1702260768231,52,1.157845
TWTUSDT,SELL,LIMIT,1702260769281,685,1.156449
TWTUSDT,SELL,LIMIT,1702260770347,16,1.155505
TWTUSDT,SELL,LIMIT,1702260771774,20,1.156078
TWTUSDT,SELL,LIMIT,1702260772819,363,1.153986
TWTUSDT,SELL,LIMIT,1702260774362,503,1.148429
TWTUSDT,SELL,LIMIT,1702260775416,255,1.149339
TWTUSDT,SELL,LIMIT,1702260777271,2283,1.147747
TWTUSDT,SELL,LIMIT,1702260778265,165,1.146809
TWTUSDT,SELL,LIMIT,1702260779462,35,1.146809
TWTUSDT,SELL,LIMIT,1702260782024,299,1.148423
TWTUSDT,SELL,LIMIT,1702260783059,163,1.148138
TWTUSDT,SELL,LIMIT,1702260784097,78,1.147620
TWTUSDT,SELL,LIMIT,1702260785474,2245,1.147814
TWTUSDT,SELL,LIMIT,1702260787464,851,1.151019
TWTUSDT,SELL,LIMIT,1702260788624,179,1.147753
TWTUSDT,SELL,LIMIT,1702260789630,118,1.147553
TWTUSDT,SELL,LIMIT,1702260790650,619,1.146631
TWTUSDT,SELL,LIMIT,1702260791921,333,1.146631
TWTUSDT,SELL,LIMIT,1702260792936,3085,1.146305
TWTUSDT,SELL,LIMIT,1702260794422,14,1.146191
TWTUSDT,SELL,LIMIT,1702260795898,268,1.146002
TWTUSDT,SELL,LIMIT,1702260797009,310,1.144648
TWTUSDT,SELL,LIMIT,1702260798060,1000,1.144282
TWTUSDT,SELL,LIMIT,1702260799640,147,1.143555
TWTUSDT,SELL,LIMIT,1702260800680,18,1.142774
TWTUSDT,SELL,LIMIT,1702260801696,200,1.152360
TWTUSDT,SELL,LIMIT,1702260803725,56,1.144535
TWTUSDT,SELL,LIMIT,1702260804796,106,1.144489
TWTUSDT,SELL,LIMIT,1702260805832,7314,1.136488
TWTUSDT,SELL,LIMIT,1702260806973,11,1.336030
TWTUSDT,SELL,LIMIT,1702260807987,68,1.140125
TWTUSDT,SELL,LIMIT,1702260809186,173,1.137910
TWTUSDT,SELL,LIMIT,1702260811215,158,1.136437
TWTUSDT,SELL,LIMIT,1702260813254,4920,1.139717
TWTUSDT,SELL,LIMIT,1702260814261,876,1.141581
TWTUSDT,SELL,LIMIT,1702260816239,98,1.138814
TWTUSDT,SELL,LIMIT,1702260817269,145,1.145910
TWTUSDT,SELL,LIMIT,1702260818307,79,1.134607
TWTUSDT,SELL,LIMIT,1702260819433,89,1.133719
TWTUSDT,SELL,LIMIT,1702260820676,58,1.129078
TWTUSDT,SELL,LIMIT,1702260825548,340,1.128326
TWTUSDT,SELL,LIMIT,1702260826558,8,1.127212
TWTUSDT,SELL,LIMIT,1702260832135,86,1.125787
TWTUSDT,SELL,LIMIT,1702260834386,160,1.124992
TWTUSDT,SELL,LIMIT,1702260839324,734,1.120279
TWTUSDT,SELL,LIMIT,1702260843967,11216,1.114147
TWTUSDT,SELL,LIMIT,1702260977438,286,1.151255
TWTUSDT,SELL,LIMIT,1702260983490,4273,1.144871
TWTUSDT,BUY,LIMIT,1702263492736,185,1.182317
TWTUSDT,SELL,LIMIT,1702266711170,1548,1.170642
TWTUSDT,SELL,LIMIT,1702267225026,924,1.165524
