Symbol,Side,Order Type,Time,Quantity,Price
UMAUSDT,SELL,LIMIT,1701069895304,2613,1.763733
UMAUSDT,SELL,LIMIT,1701082660358,10,1.749165
UMAUSDT,SELL,LIMIT,1701082727507,4,1.745421
UMAUSDT,SELL,LIMIT,1701082770883,12,1.745310
UMAUSDT,SELL,LIMIT,1701084931803,1632,1.743497
UMAUSDT,BUY,LIMIT,1701091358782,141,1.837562
UMAUSDT,SELL,LIMIT,1701097099142,1958,1.755358
UMAUSDT,SELL,LIMIT,1701100536395,20,1.765246
UMAUSDT,SELL,LIMIT,1701123039793,44,1.773848
UMAUSDT,SELL,LIMIT,1701147898084,6,1.759692
UMAUSDT,SELL,LIMIT,1701148203108,41,1.752713
UMAUSDT,SELL,LIMIT,1701149779502,11,1.744956
UMAUSDT,SELL,LIMIT,1701149824946,1034,1.742298
UMAUSDT,SELL,LIMIT,1701149836559,113,1.741499
UMAUSDT,SELL,LIMIT,1701149892457,95,1.736195
UMAUSDT,SELL,LIMIT,1701177013183,2791,1.754665
UMAUSDT,BUY,LIMIT,1701190434300,321,1.901927
UMAUSDT,BUY,LIMIT,1701190437231,264,1.932521
UMAUSDT,BUY,LIMIT,1701190439012,235,1.942463
UMAUSDT,BUY,LIMIT,1701190442267,18,1.999244
UMAUSDT,BUY,LIMIT,1701190443363,588,2.011473
UMAUSDT,BUY,LIMIT,1701190444458,588,2.012347
UMAUSDT,BUY,LIMIT,1701190446578,3805,2.059466
UMAUSDT,BUY,LIMIT,1701190448154,80,2.069517
UMAUSDT,BUY,LIMIT,1701190452056,320,2.098861
UMAUSDT,BUY,LIMIT,1701190455222,14,2.113025
UMAUSDT,BUY,LIMIT,1701190456546,235,2.126455
UMAUSDT,BUY,LIMIT,1701190457945,13,2.138011
UMAUSDT,SELL,LIMIT,1701190482849,2346,2.062219
UMAUSDT,BUY,LIMIT,1701190499029,127,2.158459
UMAUSDT,BUY,LIMIT,1701190500136,1213,2.168925
UMAUSDT,SELL,LIMIT,1701190510671,2345,2.083414
UMAUSDT,SELL,LIMIT,1701190566097,48,2.091459
UMAUSDT,SELL,LIMIT,1701190638231,1040,2.064303
UMAUSDT,SELL,LIMIT,1701190640165,80,2.061362
UMAUSDT,SELL,LIMIT,1701190644509,872,2.056228
UMAUSDT,SELL,LIMIT,1701190651685,1149,2.047639
UMAUSDT,SELL,LIMIT,1701190653120,1170,2.046385
UMAUSDT,BUY,LIMIT,1701190714113,105,2.146365
UMAUSDT,SELL,LIMIT,1701190747410,100,2.071164
UMAUSDT,SELL,LIMIT,1701190770402,354,2.065895
UMAUSDT,SELL,LIMIT,1701190800470,249,2.056815
UMAUSDT,SELL,LIMIT,1701190833407,79,2.042504
UMAUSDT,BUY,LIMIT,1701190888066,74,2.114404
UMAUSDT,SELL,LIMIT,1701190955496,224,2.047141
UMAUSDT,SELL,LIMIT,1701190962188,239,2.034257
UMAUSDT,SELL,LIMIT,1701190970428,246,2.028924
UMAUSDT,SELL,LIMIT,1701190974466,1022,2.019485
UMAUSDT,SELL,LIMIT,1701190978392,5307,2.004918
UMAUSDT,SELL,LIMIT,1701191020547,332,2.013502
UMAUSDT,SELL,LIMIT,1701191022101,7,2.004923
UMAUSDT,SELL,LIMIT,1701191023239,20,2.000804
UMAUSDT,SELL,LIMIT,1701191024260,776,2.001123
UMAUSDT,SELL,LIMIT,1701191025304,1218,1.997008
UMAUSDT,SELL,LIMIT,1701191026398,512,1.995328
UMAUSDT,SELL,LIMIT,1701191028171,103,1.990651
UMAUSDT,SELL,LIMIT,1701191033190,1032,1.983749
UMAUSDT,BUY,LIMIT,1701191065594,99,2.056331
UMAUSDT,SELL,LIMIT,1701191113377,344,1.987221
UMAUSDT,SELL,LIMIT,1701191115317,83,1.982699
UMAUSDT,SELL,LIMIT,1701191118166,320,1.975144
UMAUSDT,SELL,LIMIT,1701191119285,238,1.968031
UMAUSDT,SELL,LIMIT,1701191121433,619,1.966812
UMAUSDT,SELL,LIMIT,1701191139239,31,1.960401
UMAUSDT,SELL,LIMIT,1701191143762,526,1.957731
UMAUSDT,SELL,LIMIT,1701191171902,991,1.953225
UMAUSDT,SELL,LIMIT,1701191232180,310,1.955499
UMAUSDT,SELL,LIMIT,1701191292106,13,1.958866
UMAUSDT,SELL,LIMIT,1701191389095,68,1.953851
UMAUSDT,SELL,LIMIT,1701191393309,11,1.952081
UMAUSDT,SELL,LIMIT,1701191399596,20,1.947507
UMAUSDT,SELL,LIMIT,1701191411298,2719,1.945955
UMAUSDT,SELL,LIMIT,1701191412343,1212,1.946519
UMAUSDT,SELL,LIMIT,1701191414264,35,1.945903
UMAUSDT,BUY,LIMIT,1701191464386,657,2.016901
UMAUSDT,SELL,LIMIT,1701191600622,459,1.943402
UMAUSDT,SELL,LIMIT,1701191616128,2508,1.937496
UMAUSDT,SELL,LIMIT,1701191623327,577,1.935374
UMAUSDT,SELL,LIMIT,1701191629199,325,1.934000
UMAUSDT,SELL,LIMIT,1701191656606,211,1.931675
UMAUSDT,BUY,LIMIT,1701191742079,252,1.999313
UMAUSDT,BUY,LIMIT,1701191745000,1429,2.000024
UMAUSDT,BUY,LIMIT,1701191763100,44,2.004720
UMAUSDT,BUY,LIMIT,1701191764174,4,2.013512
UMAUSDT,SELL,LIMIT,1701191896365,9,1.934771
UMAUSDT,SELL,LIMIT,1701191906096,737,1.925217
UMAUSDT,SELL,LIMIT,1701191907152,67,1.924108
UMAUSDT,SELL,LIMIT,1701191909278,2518,1.923893
UMAUSDT,SELL,LIMIT,1701191913769,1646,1.921306
UMAUSDT,SELL,LIMIT,1701191915091,1463,1.921097
UMAUSDT,SELL,LIMIT,1701191964788,138,1.919971
UMAUSDT,SELL,LIMIT,1701191971048,2317,1.917438
UMAUSDT,BUY,LIMIT,1701192046231,2568,1.985939
UMAUSDT,BUY,LIMIT,1701192048890,163,1.991226
UMAUSDT,SELL,LIMIT,1701192142754,440,1.929009
UMAUSDT,SELL,LIMIT,1701192328681,27,1.939615
UMAUSDT,BUY,LIMIT,1701192672251,48,1.996181
UMAUSDT,BUY,LIMIT,1701192856761,8,2.010803
UMAUSDT,SELL,LIMIT,1701194820311,95,1.950158
UMAUSDT,SELL,LIMIT,1701194822119,6,1.945589
UMAUSDT,SELL,LIMIT,1701194823171,933,1.947757
UMAUSDT,SELL,LIMIT,1701194828071,54,1.941838
UMAUSDT,SELL,LIMIT,1701194892867,681,1.941146
UMAUSDT,SELL,LIMIT,1701195377830,23,1.929868
UMAUSDT,SELL,LIMIT,1701195804303,266,1.926181
UMAUSDT,SELL,LIMIT,1701195847638,4,1.924262
UMAUSDT,SELL,LIMIT,1701197192738,31,1.924335
UMAUSDT,SELL,LIMIT,1701197443052,878,1.910798
UMAUSDT,SELL,LIMIT,1701197444371,12464,1.894158
UMAUSDT,SELL,LIMIT,1701197447417,7,1.907553
UMAUSDT,SELL,LIMIT,1701197803636,60,1.901937
UMAUSDT,SELL,LIMIT,1701197810208,792,1.903256
UMAUSDT,SELL,LIMIT,1701197872589,3,1.901678
UMAUSDT,SELL,LIMIT,1701198166304,581,1.896503
UMAUSDT,SELL,LIMIT,1701198553624,603,1.892222
UMAUSDT,BUY,LIMIT,1701198747308,79,1.970722
UMAUSDT,SELL,LIMIT,1701199412427,58,1.897669
UMAUSDT,BUY,LIMIT,1701201635236,3,1.956968
UMAUSDT,BUY,LIMIT,1701202470922,22,2.006176
UMAUSDT,BUY,LIMIT,1701202654180,662,2.003186
UMAUSDT,BUY,LIMIT,1701203077064,25,2.017164
UMAUSDT,BUY,LIMIT,1701203079114,33,2.019031
UMAUSDT,BUY,LIMIT,1701204670342,657,2.021431
UMAUSDT,SELL,LIMIT,1701206076368,4,1.937344
UMAUSDT,SELL,LIMIT,1701206080136,45,1.935501
UMAUSDT,SELL,LIMIT,1701206459277,168,1.924663
UMAUSDT,SELL,LIMIT,1701206583101,37,1.921622
UMAUSDT,SELL,LIMIT,1701210863246,2,1.921088
UMAUSDT,SELL,LIMIT,1701211803669,297,1.912090
UMAUSDT,SELL,LIMIT,1701211913226,484,1.909312
UMAUSDT,SELL,LIMIT,1701211914870,7,1.906101
UMAUSDT,SELL,LIMIT,1701214742933,83,1.900890
UMAUSDT,SELL,LIMIT,1701216433187,828,1.891826
UMAUSDT,SELL,LIMIT,1701216445427,76,1.888129
UMAUSDT,SELL,LIMIT,1701216461537,476,1.887644
UMAUSDT,SELL,LIMIT,1701216479437,589,1.886126
UMAUSDT,BUY,LIMIT,1701218721274,189,1.963219
UMAUSDT,SELL,LIMIT,1701223428813,77,1.885724
UMAUSDT,SELL,LIMIT,1701223452712,4,1.883145
UMAUSDT,SELL,LIMIT,1701228062213,3,1.878941
UMAUSDT,SELL,LIMIT,1701228067885,63,1.878639
UMAUSDT,SELL,LIMIT,1701228071686,40,1.878119
UMAUSDT,SELL,LIMIT,1701228077592,60,1.877414
UMAUSDT,SELL,LIMIT,1701228226230,71,1.875759
UMAUSDT,SELL,LIMIT,1701228370347,1197,1.874441
UMAUSDT,SELL,LIMIT,1701229726193,480,1.872612
UMAUSDT,SELL,LIMIT,1701229730175,410,1.872090
UMAUSDT,SELL,LIMIT,1701229734239,1311,1.870944
UMAUSDT,SELL,LIMIT,1701231162679,529,1.867582
UMAUSDT,SELL,LIMIT,1701231677942,157,1.863644
UMAUSDT,SELL,LIMIT,1701232050411,20,1.862375
UMAUSDT,SELL,LIMIT,1701232914398,376,1.861028
UMAUSDT,SELL,LIMIT,1701233099236,23,1.859695
UMAUSDT,SELL,LIMIT,1701233363210,12,1.857054
UMAUSDT,SELL,LIMIT,1701233369792,193,1.856253
UMAUSDT,SELL,LIMIT,1701234341466,25,1.854037
UMAUSDT,SELL,LIMIT,1701234359292,850,1.852727
UMAUSDT,SELL,LIMIT,1701234363170,156,1.852518
UMAUSDT,SELL,LIMIT,1701234551326,24,1.848974
UMAUSDT,SELL,LIMIT,1701235285260,26,1.847297
UMAUSDT,SELL,LIMIT,1701235603449,412,1.842272
UMAUSDT,SELL,LIMIT,1701235882247,50,1.841628
UMAUSDT,SELL,LIMIT,1701236062493,487,1.840818
UMAUSDT,SELL,LIMIT,1701236080703,875,1.840315
UMAUSDT,SELL,LIMIT,1701236120099,1848,1.837378
UMAUSDT,SELL,LIMIT,1701236121562,5891,1.826808
UMAUSDT,SELL,LIMIT,1701236218475,10,1.833803
UMAUSDT,SELL,LIMIT,1701239282902,255,1.857744
UMAUSDT,BUY,LIMIT,1701241342165,2589,1.924579
UMAUSDT,SELL,LIMIT,1701243434087,11,1.852813
UMAUSDT,BUY,LIMIT,1701243558367,79,1.906136
UMAUSDT,BUY,LIMIT,1701247937037,4,1.940129
UMAUSDT,BUY,LIMIT,1701247970384,526,1.948046
UMAUSDT,BUY,LIMIT,1701250690243,104,1.958400
UMAUSDT,SELL,LIMIT,1701252260046,105,1.904093
UMAUSDT,SELL,LIMIT,1701252270080,328,1.901414
UMAUSDT,SELL,LIMIT,1701253614732,64,1.917859
UMAUSDT,BUY,LIMIT,1701256386259,278,2.012773
UMAUSDT,BUY,LIMIT,1701256643401,1196,2.021436
UMAUSDT,BUY,LIMIT,1701256649338,285,2.024516
UMAUSDT,BUY,LIMIT,1701256681309,3,2.032582
UMAUSDT,BUY,LIMIT,1701256741249,4,2.040480
UMAUSDT,BUY,LIMIT,1701256826580,30,2.043706
UMAUSDT,BUY,LIMIT,1701256832125,2685,2.045387
UMAUSDT,BUY,LIMIT,1701256834188,1811,2.045359
UMAUSDT,BUY,LIMIT,1701256909080,1808,2.055440
UMAUSDT,BUY,LIMIT,1701256931238,4,2.060683
UMAUSDT,SELL,LIMIT,1701257300960,270,1.982795
UMAUSDT,BUY,LIMIT,1701257532385,127,2.069318
UMAUSDT,BUY,LIMIT,1701257541642,893,2.072233
UMAUSDT,BUY,LIMIT,1701257567988,202,2.086774
UMAUSDT,BUY,LIMIT,1701257598063,159,2.088414
UMAUSDT,BUY,LIMIT,1701257605365,1160,2.095352
UMAUSDT,BUY,LIMIT,1701257608475,16,2.095658
UMAUSDT,SELL,LIMIT,1701257626591,14,2.020055
UMAUSDT,BUY,LIMIT,1701257868523,3,2.104345
UMAUSDT,BUY,LIMIT,1701257979068,304,2.107835
UMAUSDT,BUY,LIMIT,1701257998189,63,2.111077
UMAUSDT,BUY,LIMIT,1701257999470,168,2.125253
UMAUSDT,BUY,LIMIT,1701258000508,194,2.123654
UMAUSDT,SELL,LIMIT,1701258201965,111,2.032771
UMAUSDT,SELL,LIMIT,1701258279485,10,2.021287
UMAUSDT,SELL,LIMIT,1701258280649,508,2.018630
UMAUSDT,SELL,LIMIT,1701258298527,1419,2.012356
UMAUSDT,SELL,LIMIT,1701258466696,180,2.010174
UMAUSDT,SELL,LIMIT,1701258469444,59,2.005481
UMAUSDT,SELL,LIMIT,1701258471317,15,2.000280
UMAUSDT,SELL,LIMIT,1701258473203,2409,1.996531
UMAUSDT,SELL,LIMIT,1701258675955,14,1.989549
UMAUSDT,BUY,LIMIT,1701258850190,445,2.063055
UMAUSDT,BUY,LIMIT,1701259155713,63,2.074196
UMAUSDT,BUY,LIMIT,1701259273253,3,2.098174
UMAUSDT,BUY,LIMIT,1701259293415,65,2.104492
UMAUSDT,SELL,LIMIT,1701259489228,1029,2.034772
UMAUSDT,SELL,LIMIT,1701260314264,37,1.981106
UMAUSDT,SELL,LIMIT,1701260488665,98,1.968217
UMAUSDT,SELL,LIMIT,1701260495078,69,1.966110
UMAUSDT,SELL,LIMIT,1701261456087,64,1.970863
UMAUSDT,SELL,LIMIT,1701262012727,250,1.958024
UMAUSDT,SELL,LIMIT,1701263118149,49,1.951497
UMAUSDT,SELL,LIMIT,1701263593627,146,1.935067
UMAUSDT,SELL,LIMIT,1701263789632,161,1.928445
UMAUSDT,SELL,LIMIT,1701263895960,16,1.925329
UMAUSDT,SELL,LIMIT,1701264505892,437,1.915716
UMAUSDT,SELL,LIMIT,1701268119951,663,1.904132
UMAUSDT,SELL,LIMIT,1701268122810,360,1.902935
UMAUSDT,SELL,LIMIT,1701269335885,13,1.893298
UMAUSDT,SELL,LIMIT,1701270337315,1497,1.887338
UMAUSDT,SELL,LIMIT,1701270339216,2539,1.886809
UMAUSDT,SELL,LIMIT,1701270402454,7,1.886265
UMAUSDT,SELL,LIMIT,1701270449343,126,1.894474
UMAUSDT,SELL,LIMIT,1701270573068,3,1.878599
UMAUSDT,SELL,LIMIT,1701274676549,31,1.882623
UMAUSDT,BUY,LIMIT,1701283670922,1893,1.963010
UMAUSDT,SELL,LIMIT,1701289732669,25,1.919477
UMAUSDT,SELL,LIMIT,1701305910564,2038,1.924866
UMAUSDT,BUY,LIMIT,1701310198741,52,2.015153
UMAUSDT,SELL,LIMIT,1701319681320,46,1.955780
UMAUSDT,BUY,LIMIT,1701322349059,6,2.053887
UMAUSDT,SELL,LIMIT,1701323839632,192,1.989632
UMAUSDT,SELL,LIMIT,1701324015884,2459,1.987285
UMAUSDT,SELL,LIMIT,1701324017431,1991,1.984094
UMAUSDT,SELL,LIMIT,1701324045526,1353,1.982516
UMAUSDT,SELL,LIMIT,1701324079393,30,1.978649
UMAUSDT,SELL,LIMIT,1701325404558,40,1.952234
UMAUSDT,BUY,LIMIT,1701331270141,22,2.021047
UMAUSDT,BUY,LIMIT,1701331300441,37,2.022221
UMAUSDT,SELL,LIMIT,1701331777590,200,1.960565
UMAUSDT,SELL,LIMIT,1701335030052,18,1.932354
UMAUSDT,SELL,LIMIT,1701335031836,42,1.926535
UMAUSDT,SELL,LIMIT,1701337255229,99,1.915546
UMAUSDT,SELL,LIMIT,1701338550577,49,1.908857
UMAUSDT,SELL,LIMIT,1701338583051,1738,1.906490
UMAUSDT,SELL,LIMIT,1701340813185,147,1.904688
UMAUSDT,SELL,LIMIT,1701340857181,32,1.899963
UMAUSDT,SELL,LIMIT,1701340945754,151,1.899462
UMAUSDT,SELL,LIMIT,1701341244736,841,1.895744
UMAUSDT,SELL,LIMIT,1701341530814,4,1.889794
UMAUSDT,SELL,LIMIT,1701349549240,368,1.880630
UMAUSDT,SELL,LIMIT,1701350176082,515,1.877446
UMAUSDT,SELL,LIMIT,1701352360135,113,1.871860
UMAUSDT,SELL,LIMIT,1701352509685,44,1.865591
UMAUSDT,SELL,LIMIT,1701352943568,31,1.862550
UMAUSDT,SELL,LIMIT,1701353004343,102,1.859572
UMAUSDT,SELL,LIMIT,1701353010866,126,1.858236
UMAUSDT,SELL,LIMIT,1701353050828,8,1.854677
UMAUSDT,SELL,LIMIT,1701355093138,48,1.849163
UMAUSDT,SELL,LIMIT,1701355096044,308,1.848005
UMAUSDT,SELL,LIMIT,1701355138589,4,1.847861
UMAUSDT,SELL,LIMIT,1701355151319,409,1.847861
UMAUSDT,SELL,LIMIT,1701355170193,21,1.845068
UMAUSDT,SELL,LIMIT,1701355199501,148,1.843358
UMAUSDT,BUY,LIMIT,1701356415602,2437,1.907818
UMAUSDT,BUY,LIMIT,1701359453342,39,1.949857
UMAUSDT,BUY,LIMIT,1701360263695,131,1.980778
UMAUSDT,SELL,LIMIT,1701373425114,43,1.900805
UMAUSDT,BUY,LIMIT,1701393625608,22,1.980265
UMAUSDT,SELL,LIMIT,1701447844570,106,1.915192
UMAUSDT,SELL,LIMIT,1701470403452,22,1.910976
UMAUSDT,SELL,LIMIT,1701484638026,643,1.902786
UMAUSDT,BUY,LIMIT,1701486006658,10,1.965700
