Symbol,Side,Order Type,Time,Quantity,Price
UNFIUSDT,BUY,LIMIT,1701924068140,2.2,9.577
UNFIUSDT,SELL,LIMIT,1701939470728,225.6,9.136
UNFIUSDT,SELL,LIMIT,1701940427381,5.3,9.038
UNFIUSDT,SELL,LIMIT,1701940561516,47.3,8.977
UNFIUSDT,SELL,LIMIT,1701940713343,25.6,8.958
UNFIUSDT,SELL,LIMIT,1701940716366,10.5,8.957
UNFIUSDT,SELL,LIMIT,1701940805578,0.7,8.930
UNFIUSDT,SELL,LIMIT,1701940971437,2.2,8.926
UNFIUSDT,SELL,LIMIT,1701940982079,21.3,8.917
UNFIUSDT,SELL,LIMIT,1701940984423,2.9,8.910
UNFIUSDT,SELL,LIMIT,1701941039525,1.0,8.886
UNFIUSDT,SELL,LIMIT,1701941065125,5.4,8.885
UNFIUSDT,SELL,LIMIT,1701941070706,1.6,8.873
UNFIUSDT,SELL,LIMIT,1701941149044,2.8,8.864
UNFIUSDT,SELL,LIMIT,1701941152757,50.5,8.859
UNFIUSDT,SELL,LIMIT,1701941154161,1.0,8.856
UNFIUSDT,SELL,LIMIT,1701941155225,2.7,8.854
UNFIUSDT,SELL,LIMIT,1701941157799,2.1,8.852
UNFIUSDT,SELL,LIMIT,1701941159037,21.4,8.849
UNFIUSDT,SELL,LIMIT,1701941182224,20.0,8.846
UNFIUSDT,SELL,LIMIT,1701941184219,304.5,8.844
UNFIUSDT,SELL,LIMIT,1701941187362,5.5,8.844
UNFIUSDT,SELL,LIMIT,1701941188699,13.3,8.839
UNFIUSDT,SELL,LIMIT,1701941190147,13.7,8.835
UNFIUSDT,SELL,LIMIT,1701941191202,29.8,8.836
UNFIUSDT,SELL,LIMIT,1701941193760,15.3,8.830
UNFIUSDT,SELL,LIMIT,1701941207105,18.9,8.817
UNFIUSDT,SELL,LIMIT,1701941208154,60.2,8.809
UNFIUSDT,SELL,LIMIT,1701941209451,2.1,8.797
UNFIUSDT,SELL,LIMIT,1701941210672,421.2,8.785
UNFIUSDT,SELL,LIMIT,1701941237120,125.2,8.792
UNFIUSDT,SELL,LIMIT,1701941238747,0.6,8.829
UNFIUSDT,SELL,LIMIT,1701941244452,3.4,8.783
UNFIUSDT,SELL,LIMIT,1701941245460,156.1,8.769
UNFIUSDT,SELL,LIMIT,1701941246469,22.0,8.758
UNFIUSDT,SELL,LIMIT,1701941247564,41.2,8.751
UNFIUSDT,SELL,LIMIT,1701941248659,108.5,8.728
UNFIUSDT,SELL,LIMIT,1701941250461,347.9,8.735
UNFIUSDT,SELL,LIMIT,1701941251527,54.7,8.712
UNFIUSDT,SELL,LIMIT,1701949468635,48.5,8.708
UNFIUSDT,SELL,LIMIT,1701949469679,236.5,8.705
UNFIUSDT,SELL,LIMIT,1701949471055,502.7,8.700
UNFIUSDT,SELL,LIMIT,1701949472300,1.2,8.701
UNFIUSDT,SELL,LIMIT,1701949473304,1.5,8.688
UNFIUSDT,SELL,LIMIT,1701949474375,3.9,8.694
UNFIUSDT,SELL,LIMIT,1701949478350,3.1,8.680
UNFIUSDT,SELL,LIMIT,1701949481332,69.1,8.677
UNFIUSDT,SELL,LIMIT,1701949482446,56.6,8.666
UNFIUSDT,SELL,LIMIT,1701949484099,5.7,8.663
UNFIUSDT,SELL,LIMIT,1701949485107,0.7,8.657
UNFIUSDT,SELL,LIMIT,1701949486130,48.4,8.647
UNFIUSDT,SELL,LIMIT,1701949487232,109.9,8.645
UNFIUSDT,SELL,LIMIT,1701951244494,15.4,8.858
UNFIUSDT,BUY,LIMIT,1701953976591,0.1,9.236
UNFIUSDT,SELL,LIMIT,1701963033735,22.2,8.800
UNFIUSDT,SELL,LIMIT,1701974260115,66.7,8.737
UNFIUSDT,SELL,LIMIT,1701977166180,82.3,8.640
UNFIUSDT,SELL,LIMIT,1701977168052,225.6,8.601
UNFIUSDT,SELL,LIMIT,1701977169177,364.1,8.599
UNFIUSDT,SELL,LIMIT,1701977170246,295.8,8.597
UNFIUSDT,SELL,LIMIT,1701977171248,104.1,8.584
UNFIUSDT,SELL,LIMIT,1701977172256,2.9,8.549
UNFIUSDT,SELL,LIMIT,1701977173320,20.7,8.531
UNFIUSDT,SELL,LIMIT,1701977174370,176.6,8.535
UNFIUSDT,SELL,LIMIT,1701985602803,22.4,8.786
UNFIUSDT,SELL,LIMIT,1701988316363,30.6,8.708
UNFIUSDT,SELL,LIMIT,1701988354223,2.7,8.689
UNFIUSDT,SELL,LIMIT,1701988459916,2.4,8.670
UNFIUSDT,SELL,LIMIT,1701998495190,1.8,9.058
UNFIUSDT,BUY,LIMIT,1701999046862,37.3,9.294
UNFIUSDT,SELL,LIMIT,1702003957152,47.3,8.751
UNFIUSDT,BUY,LIMIT,1702006439288,2.8,9.332
UNFIUSDT,BUY,LIMIT,1702007889612,5.6,9.398
UNFIUSDT,BUY,LIMIT,1702011611447,2.4,9.421
UNFIUSDT,BUY,LIMIT,1702011669956,11.0,9.457
UNFIUSDT,BUY,LIMIT,1702011674949,9.7,9.460
UNFIUSDT,SELL,LIMIT,1702013304954,41.3,8.991
UNFIUSDT,BUY,LIMIT,1702016155072,0.8,9.469
UNFIUSDT,BUY,LIMIT,1702016156362,18.7,9.469
UNFIUSDT,BUY,LIMIT,1702016243159,1.0,9.484
UNFIUSDT,SELL,LIMIT,1702020341951,94.8,8.824
UNFIUSDT,SELL,LIMIT,1702020638490,20.7,8.821
UNFIUSDT,SELL,LIMIT,1702020656199,67.2,8.815
UNFIUSDT,SELL,LIMIT,1702020657274,19.2,8.814
UNFIUSDT,SELL,LIMIT,1702035248276,2.3,9.103
UNFIUSDT,SELL,LIMIT,1702035870298,1.3,8.973
UNFIUSDT,SELL,LIMIT,1702036154138,16.9,9.035
UNFIUSDT,SELL,LIMIT,1702037074754,0.6,8.931
UNFIUSDT,SELL,LIMIT,1702044540261,61.3,8.913
UNFIUSDT,BUY,LIMIT,1702048108127,1.4,9.462
UNFIUSDT,SELL,LIMIT,1702053214430,5.4,9.035
UNFIUSDT,SELL,LIMIT,1702056279617,47.5,8.980
UNFIUSDT,BUY,LIMIT,1702059844867,3.3,9.498
UNFIUSDT,BUY,LIMIT,1702066484517,5.3,9.588
UNFIUSDT,SELL,LIMIT,1702067773866,82.3,9.170
UNFIUSDT,BUY,LIMIT,1702068591207,5.4,9.640
UNFIUSDT,BUY,LIMIT,1702068669264,589.9,9.652
UNFIUSDT,SELL,LIMIT,1702069043791,2.1,9.202
UNFIUSDT,BUY,LIMIT,1702080687269,20.4,9.497
UNFIUSDT,SELL,LIMIT,1702080872265,11.0,8.994
UNFIUSDT,SELL,LIMIT,1702081403143,140.0,9.052
UNFIUSDT,SELL,LIMIT,1702083240842,178.7,8.977
UNFIUSDT,SELL,LIMIT,1702083511277,26.1,8.976
UNFIUSDT,BUY,LIMIT,1702083635111,30.0,9.444
UNFIUSDT,SELL,LIMIT,1702083821348,10.9,8.946
UNFIUSDT,SELL,LIMIT,1702083823886,11.4,8.936
UNFIUSDT,SELL,LIMIT,1702083899055,578.8,8.920
UNFIUSDT,SELL,LIMIT,1702083978118,2.2,8.908
UNFIUSDT,SELL,LIMIT,1702084076845,25.1,8.905
UNFIUSDT,SELL,LIMIT,1702084085687,46.9,8.894
UNFIUSDT,SELL,LIMIT,1702084087059,130.5,8.881
UNFIUSDT,SELL,LIMIT,1702084088140,182.5,8.883
UNFIUSDT,SELL,LIMIT,1702084089583,2.8,8.866
UNFIUSDT,SELL,LIMIT,1702084091685,377.1,8.858
UNFIUSDT,SELL,LIMIT,1702084100151,21.1,8.978
UNFIUSDT,SELL,LIMIT,1702084106973,69.0,8.854
UNFIUSDT,SELL,LIMIT,1702084110334,79.2,8.850
UNFIUSDT,SELL,LIMIT,1702084212104,17.4,8.845
UNFIUSDT,SELL,LIMIT,1702096137427,19.7,8.940
UNFIUSDT,BUY,LIMIT,1702101030299,106.7,9.500
UNFIUSDT,BUY,LIMIT,1702102926752,5.6,9.441
UNFIUSDT,SELL,LIMIT,1702103510576,20.9,8.977
UNFIUSDT,SELL,LIMIT,1702104981934,3.9,9.049
UNFIUSDT,SELL,LIMIT,1702108366209,2.2,9.085
UNFIUSDT,SELL,LIMIT,1702108896459,3.0,9.095
UNFIUSDT,BUY,LIMIT,1702109101219,4.0,9.558
UNFIUSDT,BUY,LIMIT,1702109723343,0.7,9.509
UNFIUSDT,SELL,LIMIT,1702109937607,0.1,22.977
UNFIUSDT,SELL,LIMIT,1702110305856,23.5,9.060
UNFIUSDT,SELL,LIMIT,1702110728302,1231.6,8.999
UNFIUSDT,SELL,LIMIT,1702110922673,4.0,8.940
UNFIUSDT,SELL,LIMIT,1702110970061,0.6,8.934
UNFIUSDT,SELL,LIMIT,1702110977956,21.4,8.924
UNFIUSDT,SELL,LIMIT,1702110994983,41.9,8.878
UNFIUSDT,SELL,LIMIT,1702111027277,53.0,8.875
UNFIUSDT,SELL,LIMIT,1702111029489,258.3,8.871
UNFIUSDT,BUY,LIMIT,1702111031400,2.7,9.330
UNFIUSDT,SELL,LIMIT,1702111032510,226.8,8.870
UNFIUSDT,SELL,LIMIT,1702111034516,64.7,8.869
UNFIUSDT,SELL,LIMIT,1702111035735,1.6,8.864
UNFIUSDT,SELL,LIMIT,1702111037577,214.3,8.860
UNFIUSDT,SELL,LIMIT,1702111039129,62.0,8.857
UNFIUSDT,SELL,LIMIT,1702111040417,120.4,8.850
UNFIUSDT,SELL,LIMIT,1702111041789,287.4,8.853
UNFIUSDT,SELL,LIMIT,1702111043404,0.6,8.816
UNFIUSDT,SELL,LIMIT,1702111044451,20.7,8.824
UNFIUSDT,SELL,LIMIT,1702111045460,348.1,8.802
UNFIUSDT,SELL,LIMIT,1702111046531,145.5,8.749
UNFIUSDT,SELL,LIMIT,1702111047551,207.5,8.746
UNFIUSDT,SELL,LIMIT,1702111377147,5.1,8.746
UNFIUSDT,SELL,LIMIT,1702111380307,10.7,8.728
UNFIUSDT,SELL,LIMIT,1702111385474,15.1,8.756
UNFIUSDT,SELL,LIMIT,1702111386528,112.0,8.745
UNFIUSDT,SELL,LIMIT,1702111387791,27.5,8.742
UNFIUSDT,SELL,LIMIT,1702111389378,9.3,8.734
UNFIUSDT,SELL,LIMIT,1702124243388,22.8,8.895
UNFIUSDT,SELL,LIMIT,1702126469358,10.3,8.947
UNFIUSDT,BUY,LIMIT,1702127245562,2.3,9.460
UNFIUSDT,SELL,LIMIT,1702132593395,943.1,8.832
UNFIUSDT,SELL,LIMIT,1702132671643,27.3,8.846
UNFIUSDT,SELL,LIMIT,1702132803757,234.4,8.792
UNFIUSDT,SELL,LIMIT,1702132805455,58.6,8.777
UNFIUSDT,SELL,LIMIT,1702132817455,17.2,8.773
UNFIUSDT,SELL,LIMIT,1702132818722,26.0,8.767
UNFIUSDT,SELL,LIMIT,1702132822672,67.4,8.759
UNFIUSDT,SELL,LIMIT,1702132996849,57.8,8.751
UNFIUSDT,SELL,LIMIT,1702133000485,10.8,8.727
UNFIUSDT,SELL,LIMIT,1702133003498,60.8,8.717
UNFIUSDT,SELL,LIMIT,1702133005525,51.6,8.711
UNFIUSDT,SELL,LIMIT,1702133009193,41.9,8.711
UNFIUSDT,SELL,LIMIT,1702133325093,7.8,8.739
UNFIUSDT,SELL,LIMIT,1702133385809,286.7,8.720
