Symbol,Side,Order Type,Time,Quantity,Price
UNFIUSDT,BUY,LIMIT,1701924068140,2.2,9.577
UNFIUSDT,SELL,LIMIT,1701939470728,225.6,9.136
UNFIUSDT,SELL,LIMIT,1701940427381,5.3,9.038
UNFIUSDT,SELL,LIMIT,1701940561516,47.3,8.977
UNFIUSDT,SELL,LIMIT,1701940713343,25.6,8.958
UNFIUSDT,SELL,LIMIT,1701940716366,10.5,8.957
UNFIUSDT,SELL,LIMIT,1701940805578,0.7,8.930
UNFIUSDT,SELL,LIMIT,1701940971437,2.2,8.926
UNFIUSDT,SELL,LIMIT,1701940982079,21.3,8.917
UNFIUSDT,SELL,LIMIT,1701940984423,2.9,8.910
UNFIUSDT,SELL,LIMIT,1701941039525,1.0,8.886
UNFIUSDT,SELL,LIMIT,1701941065125,5.4,8.885
UNFIUSDT,SELL,LIMIT,1701941070706,1.6,8.873
UNFIUSDT,SELL,LIMIT,1701941149044,2.8,8.864
UNFIUSDT,SELL,LIMIT,1701941152757,50.5,8.859
UNFIUSDT,SELL,LIMIT,1701941154161,1.0,8.856
UNFIUSDT,SELL,LIMIT,1701941155225,2.7,8.854
UNFIUSDT,SELL,LIMIT,1701941157799,2.1,8.852
UNFIUSDT,SELL,LIMIT,1701941159037,21.4,8.849
UNFIUSDT,SELL,LIMIT,1701941182224,20.0,8.846
UNFIUSDT,SELL,LIMIT,1701941184219,304.5,8.844
UNFIUSDT,SELL,LIMIT,1701941187362,5.5,8.844
UNFIUSDT,SELL,LIMIT,1701941188699,13.3,8.839
UNFIUSDT,SELL,LIMIT,1701941190147,13.7,8.835
UNFIUSDT,SELL,LIMIT,1701941191202,29.8,8.836
UNFIUSDT,SELL,LIMIT,1701941193760,15.3,8.830
UNFIUSDT,SELL,LIMIT,1701941207105,18.9,8.817
UNFIUSDT,SELL,LIMIT,1701941208154,60.2,8.809
UNFIUSDT,SELL,LIMIT,1701941209451,2.1,8.797
UNFIUSDT,SELL,LIMIT,1701941210672,421.2,8.785
UNFIUSDT,SELL,LIMIT,1701941237120,125.2,8.792
UNFIUSDT,SELL,LIMIT,1701941238747,0.6,8.829
UNFIUSDT,SELL,LIMIT,1701941244452,3.4,8.783
UNFIUSDT,SELL,LIMIT,1701941245460,156.1,8.769
UNFIUSDT,SELL,LIMIT,1701941246469,22.0,8.758
UNFIUSDT,SELL,LIMIT,1701941247564,41.2,8.751
UNFIUSDT,SELL,LIMIT,1701941248659,108.5,8.728
UNFIUSDT,SELL,LIMIT,1701941250461,347.9,8.735
UNFIUSDT,SELL,LIMIT,1701941251527,54.7,8.712
UNFIUSDT,SELL,LIMIT,1701949468635,48.5,8.708
UNFIUSDT,SELL,LIMIT,1701949469679,236.5,8.705
UNFIUSDT,SELL,LIMIT,1701949471055,502.7,8.700
UNFIUSDT,SELL,LIMIT,1701949472300,1.2,8.701
UNFIUSDT,SELL,LIMIT,1701949473304,1.5,8.688
UNFIUSDT,SELL,LIMIT,1701949474375,3.9,8.694
UNFIUSDT,SELL,LIMIT,1701949478350,3.1,8.680
UNFIUSDT,SELL,LIMIT,1701949481332,69.1,8.677
UNFIUSDT,SELL,LIMIT,1701949482446,56.6,8.666
UNFIUSDT,SELL,LIMIT,1701949484099,5.7,8.663
UNFIUSDT,SELL,LIMIT,1701949485107,0.7,8.657
UNFIUSDT,SELL,LIMIT,1701949486130,48.4,8.647
UNFIUSDT,SELL,LIMIT,1701949487232,109.9,8.645
UNFIUSDT,SELL,LIMIT,1701951244494,15.4,8.858
UNFIUSDT,BUY,LIMIT,1701953976591,0.1,9.236
UNFIUSDT,SELL,LIMIT,1701963033735,22.2,8.800
UNFIUSDT,SELL,LIMIT,1701974260115,66.7,8.737
UNFIUSDT,SELL,LIMIT,1701977166180,82.3,8.640
UNFIUSDT,SELL,LIMIT,1701977168052,225.6,8.601
UNFIUSDT,SELL,LIMIT,1701977169177,364.1,8.599
UNFIUSDT,SELL,LIMIT,1701977170246,295.8,8.597
UNFIUSDT,SELL,LIMIT,1701977171248,104.1,8.584
UNFIUSDT,SELL,LIMIT,1701977172256,2.9,8.549
UNFIUSDT,SELL,LIMIT,1701977173320,20.7,8.531
UNFIUSDT,SELL,LIMIT,1701977174370,176.6,8.535
UNFIUSDT,SELL,LIMIT,1701985602803,22.4,8.786
UNFIUSDT,SELL,LIMIT,1701988316363,30.6,8.708
UNFIUSDT,SELL,LIMIT,1701988354223,2.7,8.689
UNFIUSDT,SELL,LIMIT,1701988459916,2.4,8.670
UNFIUSDT,SELL,LIMIT,1701998495190,1.8,9.058
UNFIUSDT,BUY,LIMIT,1701999046862,37.3,9.294
UNFIUSDT,SELL,LIMIT,1702003957152,47.3,8.751
UNFIUSDT,BUY,LIMIT,1702006439288,2.8,9.332
UNFIUSDT,BUY,LIMIT,1702007889612,5.6,9.398
UNFIUSDT,BUY,LIMIT,1702011611447,2.4,9.421
UNFIUSDT,BUY,LIMIT,1702011669956,11.0,9.457
UNFIUSDT,BUY,LIMIT,1702011674949,9.7,9.460
UNFIUSDT,SELL,LIMIT,1702013304954,41.3,8.991
UNFIUSDT,BUY,LIMIT,1702016155072,0.8,9.469
UNFIUSDT,BUY,LIMIT,1702016156362,18.7,9.469
UNFIUSDT,BUY,LIMIT,1702016243159,1.0,9.484
UNFIUSDT,SELL,LIMIT,1702020341951,94.8,8.824
UNFIUSDT,SELL,LIMIT,1702020638490,20.7,8.821
UNFIUSDT,SELL,LIMIT,1702020656199,67.2,8.815
UNFIUSDT,SELL,LIMIT,1702020657274,19.2,8.814
UNFIUSDT,SELL,LIMIT,1702035248276,2.3,9.103
UNFIUSDT,SELL,LIMIT,1702035870298,1.3,8.973
UNFIUSDT,SELL,LIMIT,1702036154138,16.9,9.035
UNFIUSDT,SELL,LIMIT,1702037074754,0.6,8.931
UNFIUSDT,SELL,LIMIT,1702044540261,61.3,8.913
UNFIUSDT,BUY,LIMIT,1702048108127,1.4,9.462
UNFIUSDT,SELL,LIMIT,1702053214430,5.4,9.035
UNFIUSDT,SELL,LIMIT,1702056279617,47.5,8.980
UNFIUSDT,BUY,LIMIT,1702059844867,3.3,9.498
UNFIUSDT,BUY,LIMIT,1702066484517,5.3,9.588
UNFIUSDT,SELL,LIMIT,1702067773866,82.3,9.170
UNFIUSDT,BUY,LIMIT,1702068591207,5.4,9.640
UNFIUSDT,BUY,LIMIT,1702068669264,589.9,9.652
UNFIUSDT,SELL,LIMIT,1702069043791,2.1,9.202
UNFIUSDT,BUY,LIMIT,1702080687269,20.4,9.497
UNFIUSDT,SELL,LIMIT,1702080872265,11.0,8.994
UNFIUSDT,SELL,LIMIT,1702081403143,140.0,9.052
UNFIUSDT,SELL,LIMIT,1702083240842,178.7,8.977
UNFIUSDT,SELL,LIMIT,1702083511277,26.1,8.976
UNFIUSDT,BUY,LIMIT,1702083635111,30.0,9.444
UNFIUSDT,SELL,LIMIT,1702083821348,10.9,8.946
UNFIUSDT,SELL,LIMIT,1702083823886,11.4,8.936
UNFIUSDT,SELL,LIMIT,1702083899055,578.8,8.920
UNFIUSDT,SELL,LIMIT,1702083978118,2.2,8.908
UNFIUSDT,SELL,LIMIT,1702084076845,25.1,8.905
UNFIUSDT,SELL,LIMIT,1702084085687,46.9,8.894
UNFIUSDT,SELL,LIMIT,1702084087059,130.5,8.881
UNFIUSDT,SELL,LIMIT,1702084088140,182.5,8.883
UNFIUSDT,SELL,LIMIT,1702084089583,2.8,8.866
UNFIUSDT,SELL,LIMIT,1702084091685,377.1,8.858
UNFIUSDT,SELL,LIMIT,1702084100151,21.1,8.978
UNFIUSDT,SELL,LIMIT,1702084106973,69.0,8.854
UNFIUSDT,SELL,LIMIT,1702084110334,79.2,8.850
UNFIUSDT,SELL,LIMIT,1702084212104,17.4,8.845
UNFIUSDT,SELL,LIMIT,1702096137427,19.7,8.940
UNFIUSDT,BUY,LIMIT,1702101030299,106.7,9.500
UNFIUSDT,BUY,LIMIT,1702102926752,5.6,9.441
UNFIUSDT,SELL,LIMIT,1702103510576,20.9,8.977
UNFIUSDT,SELL,LIMIT,1702104981934,3.9,9.049
UNFIUSDT,SELL,LIMIT,1702108366209,2.2,9.085
UNFIUSDT,SELL,LIMIT,1702108896459,3.0,9.095
UNFIUSDT,BUY,LIMIT,1702109101219,4.0,9.558
UNFIUSDT,BUY,LIMIT,1702109723343,0.7,9.509
UNFIUSDT,SELL,LIMIT,1702109937607,0.1,22.977
UNFIUSDT,SELL,LIMIT,1702110305856,23.5,9.060
UNFIUSDT,SELL,LIMIT,1702110728302,1231.6,8.999
UNFIUSDT,SELL,LIMIT,1702110922673,4.0,8.940
UNFIUSDT,SELL,LIMIT,1702110970061,0.6,8.934
UNFIUSDT,SELL,LIMIT,1702110977956,21.4,8.924
UNFIUSDT,SELL,LIMIT,1702110994983,41.9,8.878
UNFIUSDT,SELL,LIMIT,1702111027277,53.0,8.875
UNFIUSDT,SELL,LIMIT,1702111029489,258.3,8.871
UNFIUSDT,BUY,LIMIT,1702111031400,2.7,9.330
UNFIUSDT,SELL,LIMIT,1702111032510,226.8,8.870
UNFIUSDT,SELL,LIMIT,1702111034516,64.7,8.869
UNFIUSDT,SELL,LIMIT,1702111035735,1.6,8.864
UNFIUSDT,SELL,LIMIT,1702111037577,214.3,8.860
UNFIUSDT,SELL,LIMIT,1702111039129,62.0,8.857
UNFIUSDT,SELL,LIMIT,1702111040417,120.4,8.850
UNFIUSDT,SELL,LIMIT,1702111041789,287.4,8.853
UNFIUSDT,SELL,LIMIT,1702111043404,0.6,8.816
UNFIUSDT,SELL,LIMIT,1702111044451,20.7,8.824
UNFIUSDT,SELL,LIMIT,1702111045460,348.1,8.802
UNFIUSDT,SELL,LIMIT,1702111046531,145.5,8.749
UNFIUSDT,SELL,LIMIT,1702111047551,207.5,8.746
UNFIUSDT,SELL,LIMIT,1702111377147,5.1,8.746
UNFIUSDT,SELL,LIMIT,1702111380307,10.7,8.728
UNFIUSDT,SELL,LIMIT,1702111385474,15.1,8.756
UNFIUSDT,SELL,LIMIT,1702111386528,112.0,8.745
UNFIUSDT,SELL,LIMIT,1702111387791,27.5,8.742
UNFIUSDT,SELL,LIMIT,1702111389378,9.3,8.734
UNFIUSDT,SELL,LIMIT,1702124243388,22.8,8.895
UNFIUSDT,SELL,LIMIT,1702126469358,10.3,8.947
UNFIUSDT,BUY,LIMIT,1702127245562,2.3,9.460
UNFIUSDT,SELL,LIMIT,1702132593395,943.1,8.832
UNFIUSDT,SELL,LIMIT,1702132671643,27.3,8.846
UNFIUSDT,SELL,LIMIT,1702132803757,234.4,8.792
UNFIUSDT,SELL,LIMIT,1702132805455,58.6,8.777
UNFIUSDT,SELL,LIMIT,1702132817455,17.2,8.773
UNFIUSDT,SELL,LIMIT,1702132818722,26.0,8.767
UNFIUSDT,SELL,LIMIT,1702132822672,67.4,8.759
UNFIUSDT,SELL,LIMIT,1702132996849,57.8,8.751
UNFIUSDT,SELL,LIMIT,1702133000485,10.8,8.727
UNFIUSDT,SELL,LIMIT,1702133003498,60.8,8.717
UNFIUSDT,SELL,LIMIT,1702133005525,51.6,8.711
UNFIUSDT,SELL,LIMIT,1702133009193,41.9,8.711
UNFIUSDT,SELL,LIMIT,1702133325093,7.8,8.739
UNFIUSDT,SELL,LIMIT,1702133385809,286.7,8.720
UNFIUSDT,SELL,LIMIT,1702134511675,35.2,8.705
UNFIUSDT,SELL,LIMIT,1702134746919,68.8,8.690
UNFIUSDT,SELL,LIMIT,1702134789943,17.4,8.684
UNFIUSDT,SELL,LIMIT,1702134790997,2.0,8.672
UNFIUSDT,SELL,LIMIT,1702134792129,117.8,8.661
UNFIUSDT,SELL,LIMIT,1702134793434,62.1,8.661
UNFIUSDT,SELL,LIMIT,1702134794733,1.0,8.654
UNFIUSDT,SELL,LIMIT,1702134801080,0.8,8.646
UNFIUSDT,SELL,LIMIT,1702134802885,15.0,8.644
UNFIUSDT,SELL,LIMIT,1702134804591,0.8,8.643
UNFIUSDT,SELL,LIMIT,1702134807807,56.8,8.639
UNFIUSDT,SELL,LIMIT,1702134854309,597.7,8.637
UNFIUSDT,SELL,LIMIT,1702134894494,262.2,8.633
UNFIUSDT,SELL,LIMIT,1702135726279,80.6,8.630
UNFIUSDT,SELL,LIMIT,1702135727407,811.7,8.629
UNFIUSDT,SELL,LIMIT,1702135729280,13.0,8.618
UNFIUSDT,SELL,LIMIT,1702135730487,13.0,8.614
UNFIUSDT,SELL,LIMIT,1702135740165,103.0,8.602
UNFIUSDT,SELL,LIMIT,1702135741247,69.1,8.601
UNFIUSDT,SELL,LIMIT,1702135743085,649.1,8.596
UNFIUSDT,SELL,LIMIT,1702135744100,4.5,8.597
UNFIUSDT,SELL,LIMIT,1702135856752,30.0,8.593
UNFIUSDT,SELL,LIMIT,1702135858441,70.7,8.590
UNFIUSDT,SELL,LIMIT,1702135860068,11.0,8.581
UNFIUSDT,SELL,LIMIT,1702135862281,5.6,8.564
UNFIUSDT,SELL,LIMIT,1702135863582,192.6,8.549
UNFIUSDT,SELL,LIMIT,1702135864746,1.7,8.536
UNFIUSDT,SELL,LIMIT,1702135866321,21.2,8.517
UNFIUSDT,SELL,LIMIT,1702135867411,79.4,8.519
UNFIUSDT,SELL,LIMIT,1702137045972,13.4,8.694
UNFIUSDT,SELL,LIMIT,1702138962143,13.3,8.632
UNFIUSDT,SELL,LIMIT,1702139151473,1.6,8.619
UNFIUSDT,SELL,LIMIT,1702139270459,194.4,8.609
UNFIUSDT,SELL,LIMIT,1702139291210,3.7,8.572
UNFIUSDT,SELL,LIMIT,1702139293554,3.7,8.574
UNFIUSDT,SELL,LIMIT,1702141701485,8.4,8.634
UNFIUSDT,SELL,LIMIT,1702141845251,4.2,8.581
UNFIUSDT,SELL,LIMIT,1702141848551,14.5,8.576
UNFIUSDT,SELL,LIMIT,1702141851718,13.5,8.572
UNFIUSDT,SELL,LIMIT,1702141857277,3.7,8.574
UNFIUSDT,SELL,LIMIT,1702143029414,28.6,8.629
UNFIUSDT,SELL,LIMIT,1702152975798,56.7,8.654
UNFIUSDT,SELL,LIMIT,1702153645867,13.0,8.723
UNFIUSDT,SELL,LIMIT,1702153647656,88.3,8.638
UNFIUSDT,SELL,LIMIT,1702153697570,1.1,8.645
UNFIUSDT,SELL,LIMIT,1702153707377,8.3,8.653
UNFIUSDT,SELL,LIMIT,1702153898629,76.0,8.588
UNFIUSDT,SELL,LIMIT,1702153912897,5.1,8.592
UNFIUSDT,SELL,LIMIT,1702155212096,3.5,8.505
UNFIUSDT,SELL,LIMIT,1702155213109,228.5,8.486
UNFIUSDT,SELL,LIMIT,1702155214146,114.0,8.480
UNFIUSDT,SELL,LIMIT,1702155215292,33.4,8.478
UNFIUSDT,SELL,LIMIT,1702161322264,0.8,8.648
UNFIUSDT,SELL,LIMIT,1702162111725,306.9,8.605
UNFIUSDT,SELL,LIMIT,1702162174188,25.0,8.615
UNFIUSDT,SELL,LIMIT,1702163971284,2.1,8.626
UNFIUSDT,SELL,LIMIT,1702164116064,94.6,8.597
UNFIUSDT,SELL,LIMIT,1702164210235,10.3,8.576
UNFIUSDT,SELL,LIMIT,1702164295892,7.9,8.572
UNFIUSDT,SELL,LIMIT,1702164449672,30.1,8.567
UNFIUSDT,SELL,LIMIT,1702164533925,11.1,8.554
UNFIUSDT,SELL,LIMIT,1702164539553,1.0,8.537
UNFIUSDT,SELL,LIMIT,1702164541825,1682.9,8.538
UNFIUSDT,SELL,LIMIT,1702164548086,10.8,8.547
UNFIUSDT,SELL,LIMIT,1702164579504,7.9,8.537
UNFIUSDT,SELL,LIMIT,1702164684067,80.3,8.519
UNFIUSDT,SELL,LIMIT,1702164739062,22.8,8.497
UNFIUSDT,SELL,LIMIT,1702164744140,10.5,8.496
UNFIUSDT,SELL,LIMIT,1702164745668,9.1,8.493
UNFIUSDT,SELL,LIMIT,1702164749311,44.0,8.487
UNFIUSDT,SELL,LIMIT,1702164752187,111.5,8.473
UNFIUSDT,SELL,LIMIT,1702164753212,154.1,8.472
UNFIUSDT,SELL,LIMIT,1702164754752,11.5,8.468
UNFIUSDT,SELL,LIMIT,1702164756457,5.7,8.469
UNFIUSDT,SELL,LIMIT,1702164767467,19.2,8.475
UNFIUSDT,SELL,LIMIT,1702164775228,115.6,8.493
UNFIUSDT,SELL,LIMIT,1702164798266,29.2,8.474
UNFIUSDT,SELL,LIMIT,1702164800457,86.5,8.537
UNFIUSDT,SELL,LIMIT,1702164801475,139.3,8.463
UNFIUSDT,SELL,LIMIT,1702164802639,22.4,8.464
UNFIUSDT,SELL,LIMIT,1702164804243,1.2,8.443
UNFIUSDT,SELL,LIMIT,1702164805317,61.8,8.437
UNFIUSDT,SELL,LIMIT,1702164806330,174.7,8.425
UNFIUSDT,SELL,LIMIT,1702164807340,26.3,8.389
UNFIUSDT,SELL,LIMIT,1702164808364,1.6,8.370
UNFIUSDT,SELL,LIMIT,1702164809376,0.1,8.327
UNFIUSDT,SELL,LIMIT,1702164810380,27.0,8.287
UNFIUSDT,SELL,LIMIT,1702164811393,29.3,8.305
UNFIUSDT,SELL,LIMIT,1702164812411,327.6,8.282
UNFIUSDT,SELL,LIMIT,1702164813418,47.6,8.256
UNFIUSDT,SELL,LIMIT,1702164814422,20.0,8.249
UNFIUSDT,SELL,LIMIT,1702164815430,2067.1,8.154
UNFIUSDT,SELL,LIMIT,1702164816436,61.5,8.151
UNFIUSDT,SELL,LIMIT,1702164817451,20.0,8.107
UNFIUSDT,SELL,LIMIT,1702164818499,1.9,8.114
UNFIUSDT,SELL,LIMIT,1702164819608,309.2,8.119
UNFIUSDT,SELL,LIMIT,1702164849250,3.9,8.467
UNFIUSDT,SELL,LIMIT,1702164867446,6.0,8.323
UNFIUSDT,SELL,LIMIT,1702164869310,13.8,8.330
UNFIUSDT,SELL,LIMIT,1702177446894,14.9,8.231
UNFIUSDT,SELL,LIMIT,1702177448493,2.6,8.216
UNFIUSDT,SELL,LIMIT,1702177449695,20.8,8.206
UNFIUSDT,SELL,LIMIT,1702184609332,1.7,8.192
UNFIUSDT,SELL,LIMIT,1702187412214,1.2,8.160
UNFIUSDT,SELL,LIMIT,1702187417303,3.9,8.151
UNFIUSDT,SELL,LIMIT,1702187419081,23.2,8.150
UNFIUSDT,SELL,LIMIT,1702191562393,1167.7,8.140
UNFIUSDT,SELL,LIMIT,1702191563651,504.6,8.133
UNFIUSDT,SELL,LIMIT,1702191578870,9.7,8.128
UNFIUSDT,SELL,LIMIT,1702191607988,4.9,8.119
UNFIUSDT,SELL,LIMIT,1702191610307,51.1,8.113
UNFIUSDT,SELL,LIMIT,1702191612081,12.0,8.110
UNFIUSDT,SELL,LIMIT,1702191624572,42.0,8.105
UNFIUSDT,SELL,LIMIT,1702191626965,40.6,8.104
UNFIUSDT,SELL,LIMIT,1702191745412,63.8,8.103
UNFIUSDT,SELL,LIMIT,1702191790646,31.4,8.102
UNFIUSDT,SELL,LIMIT,1702191792199,150.6,8.102
UNFIUSDT,SELL,LIMIT,1702191797150,53.5,8.101
UNFIUSDT,SELL,LIMIT,1702191800139,13.7,8.098
UNFIUSDT,SELL,LIMIT,1702191801341,8.2,8.097
UNFIUSDT,SELL,LIMIT,1702191803180,19.4,8.095
UNFIUSDT,SELL,LIMIT,1702191806252,46.9,8.093
UNFIUSDT,SELL,LIMIT,1702191807289,921.1,8.092
UNFIUSDT,SELL,LIMIT,1702191808646,4.4,8.090
UNFIUSDT,SELL,LIMIT,1702191811183,34.9,8.082
UNFIUSDT,SELL,LIMIT,1702191812232,372.9,8.077
UNFIUSDT,SELL,LIMIT,1702191813250,193.6,8.077
UNFIUSDT,SELL,LIMIT,1702192725753,0.6,8.099
UNFIUSDT,SELL,LIMIT,1702192757337,50.7,8.108
UNFIUSDT,SELL,LIMIT,1702192775191,0.9,8.096
UNFIUSDT,SELL,LIMIT,1702192882146,3.9,8.078
UNFIUSDT,SELL,LIMIT,1702192929999,1.6,8.154
UNFIUSDT,SELL,LIMIT,1702193666087,5.5,8.117
UNFIUSDT,SELL,LIMIT,1702196153838,1.9,8.075
UNFIUSDT,SELL,LIMIT,1702196166359,100.0,8.076
UNFIUSDT,SELL,LIMIT,1702196172197,3.5,8.073
UNFIUSDT,SELL,LIMIT,1702196173494,66.0,8.070
UNFIUSDT,SELL,LIMIT,1702196174557,23.9,8.069
UNFIUSDT,SELL,LIMIT,1702196513897,6.7,8.066
UNFIUSDT,SELL,LIMIT,1702196519671,9.6,8.065
UNFIUSDT,SELL,LIMIT,1702196521358,23.2,8.062
UNFIUSDT,SELL,LIMIT,1702196522490,22.5,8.062
UNFIUSDT,SELL,LIMIT,1702196523516,82.7,8.056
UNFIUSDT,SELL,LIMIT,1702196524833,28.7,8.050
UNFIUSDT,SELL,LIMIT,1702196540230,6.4,8.047
UNFIUSDT,SELL,LIMIT,1702196541357,8.5,8.046
UNFIUSDT,SELL,LIMIT,1702196542513,15.9,8.037
UNFIUSDT,SELL,LIMIT,1702196544149,4.9,8.028
UNFIUSDT,SELL,LIMIT,1702196545367,30.2,8.028
UNFIUSDT,SELL,LIMIT,1702196547119,86.5,8.025
UNFIUSDT,SELL,LIMIT,1702196548844,42.7,8.023
UNFIUSDT,SELL,LIMIT,1702196564356,0.8,8.018
UNFIUSDT,SELL,LIMIT,1702196671352,36.7,8.017
UNFIUSDT,SELL,LIMIT,1702196673425,31.8,8.012
UNFIUSDT,SELL,LIMIT,1702196675576,17.7,8.010
UNFIUSDT,SELL,LIMIT,1702196676979,24.9,8.007
UNFIUSDT,SELL,LIMIT,1702196678075,2.4,7.956
UNFIUSDT,SELL,LIMIT,1702196679079,2.9,7.968
UNFIUSDT,SELL,LIMIT,1702196680093,16.0,7.943
UNFIUSDT,SELL,LIMIT,1702196681095,13.8,7.934
UNFIUSDT,SELL,LIMIT,1702196682152,420.6,7.908
UNFIUSDT,SELL,LIMIT,1702196683184,7.6,7.882
UNFIUSDT,SELL,LIMIT,1702196684200,237.0,7.876
UNFIUSDT,SELL,LIMIT,1702196686254,24.0,7.870
UNFIUSDT,SELL,LIMIT,1702196687821,529.2,7.877
UNFIUSDT,SELL,LIMIT,1702196804798,83.0,7.949
UNFIUSDT,SELL,LIMIT,1702197084517,15.8,7.948
UNFIUSDT,SELL,LIMIT,1702200736386,13.1,7.921
UNFIUSDT,SELL,LIMIT,1702200761081,59.4,7.911
UNFIUSDT,SELL,LIMIT,1702200765650,1514.2,7.905
UNFIUSDT,SELL,LIMIT,1702200877681,42.1,7.903
UNFIUSDT,SELL,LIMIT,1702200927392,28.6,7.872
UNFIUSDT,SELL,LIMIT,1702200928582,23.8,7.872
UNFIUSDT,SELL,LIMIT,1702200934604,128.0,7.869
UNFIUSDT,SELL,LIMIT,1702200935710,30.4,7.863
UNFIUSDT,SELL,LIMIT,1702200936765,49.6,7.857
UNFIUSDT,SELL,LIMIT,1702200937866,183.0,7.859
UNFIUSDT,SELL,LIMIT,1702200939178,4.7,7.850
UNFIUSDT,SELL,LIMIT,1702200941058,157.0,7.812
UNFIUSDT,SELL,LIMIT,1702200942090,4.4,7.841
UNFIUSDT,SELL,LIMIT,1702200943654,21.5,7.811
UNFIUSDT,SELL,LIMIT,1702201477937,0.6,7.834
UNFIUSDT,SELL,LIMIT,1702201894456,11.4,7.838
UNFIUSDT,SELL,LIMIT,1702202066598,339.4,7.812
UNFIUSDT,SELL,LIMIT,1702202072432,21.0,7.807
UNFIUSDT,SELL,LIMIT,1702202074299,48.7,7.800
UNFIUSDT,SELL,LIMIT,1702202075300,3.8,7.750
UNFIUSDT,SELL,LIMIT,1702202076356,21.2,7.761
UNFIUSDT,SELL,LIMIT,1702202077585,363.8,7.769
UNFIUSDT,SELL,LIMIT,1702202081523,40.8,7.728
UNFIUSDT,SELL,LIMIT,1702202157132,5.4,7.783
UNFIUSDT,SELL,LIMIT,1702202256457,11.2,7.778
UNFIUSDT,SELL,LIMIT,1702202272424,82.0,7.843
UNFIUSDT,SELL,LIMIT,1702202290684,38.5,7.775
UNFIUSDT,SELL,LIMIT,1702202291733,12.1,7.767
UNFIUSDT,SELL,LIMIT,1702202295960,38.7,7.766
UNFIUSDT,SELL,LIMIT,1702202324383,22.4,7.753
UNFIUSDT,SELL,LIMIT,1702202368655,189.9,7.756
UNFIUSDT,SELL,LIMIT,1702202375441,51.0,7.772
UNFIUSDT,SELL,LIMIT,1702202380525,4.6,7.730
UNFIUSDT,SELL,LIMIT,1702202383055,44.5,7.730
UNFIUSDT,SELL,LIMIT,1702202384127,28.4,7.729
UNFIUSDT,SELL,LIMIT,1702202386540,2.2,7.736
UNFIUSDT,SELL,LIMIT,1702202389203,2.8,7.782
UNFIUSDT,SELL,LIMIT,1702202390515,28.8,7.727
UNFIUSDT,SELL,LIMIT,1702202391965,40.4,7.727
UNFIUSDT,SELL,LIMIT,1702202393109,8140.1,7.606
UNFIUSDT,SELL,LIMIT,1702202394385,118.4,7.722
UNFIUSDT,SELL,LIMIT,1702202395690,2.2,7.724
UNFIUSDT,SELL,LIMIT,1702202398083,9.2,7.723
UNFIUSDT,SELL,LIMIT,1702202400446,0.9,7.719
UNFIUSDT,SELL,LIMIT,1702202408713,579.0,7.723
UNFIUSDT,SELL,LIMIT,1702209709106,14.5,7.717
UNFIUSDT,SELL,LIMIT,1702209710364,5.0,7.728
UNFIUSDT,SELL,LIMIT,1702209711813,16.3,7.708
UNFIUSDT,SELL,LIMIT,1702209713400,5.0,7.706
UNFIUSDT,SELL,LIMIT,1702210573090,83.6,7.748
UNFIUSDT,SELL,LIMIT,1702213066227,11.5,7.829
UNFIUSDT,SELL,LIMIT,1702214466119,40.8,7.843
UNFIUSDT,BUY,LIMIT,1702219884404,46.0,8.341
UNFIUSDT,BUY,LIMIT,1702219888748,1179.6,8.345
UNFIUSDT,BUY,LIMIT,1702220528494,51.0,8.356
UNFIUSDT,BUY,LIMIT,1702220947099,3.0,8.373
UNFIUSDT,BUY,LIMIT,1702220949651,4.4,8.376
UNFIUSDT,BUY,LIMIT,1702221232118,354.1,8.440
UNFIUSDT,BUY,LIMIT,1702221233962,10.0,8.441
UNFIUSDT,BUY,LIMIT,1702224232438,43.2,8.433
UNFIUSDT,BUY,LIMIT,1702228646513,12.3,8.484
UNFIUSDT,BUY,LIMIT,1702228927979,491.5,8.519
UNFIUSDT,BUY,LIMIT,1702235456349,1.3,8.551
UNFIUSDT,BUY,LIMIT,1702235519911,2.4,8.556
UNFIUSDT,BUY,LIMIT,1702235562310,14.8,8.565
UNFIUSDT,BUY,LIMIT,1702235564557,680.4,8.568
UNFIUSDT,BUY,LIMIT,1702235756113,2.2,8.570
UNFIUSDT,BUY,LIMIT,1702236052861,1.5,8.597
UNFIUSDT,BUY,LIMIT,1702238599355,36.9,8.601
UNFIUSDT,BUY,LIMIT,1702239287331,1.5,8.635
UNFIUSDT,BUY,LIMIT,1702239290301,16.6,8.636
UNFIUSDT,SELL,LIMIT,1702239873136,92.8,8.185
UNFIUSDT,SELL,LIMIT,1702239900267,17.2,8.173
UNFIUSDT,BUY,LIMIT,1702240038050,4.6,8.591
UNFIUSDT,SELL,LIMIT,1702240550797,2.5,8.227
UNFIUSDT,BUY,LIMIT,1702240614316,25.0,8.630
UNFIUSDT,SELL,LIMIT,1702240755615,21.8,8.228
UNFIUSDT,BUY,LIMIT,1702240773287,36.4,8.651
UNFIUSDT,SELL,LIMIT,1702240790102,25.7,8.233
UNFIUSDT,BUY,LIMIT,1702240864580,65.8,8.657
UNFIUSDT,BUY,LIMIT,1702240871452,307.1,8.659
UNFIUSDT,BUY,LIMIT,1702240887357,29.9,8.663
UNFIUSDT,BUY,LIMIT,1702240950134,1.0,8.671
UNFIUSDT,BUY,LIMIT,1702241058341,130.0,8.663
UNFIUSDT,BUY,LIMIT,1702241062282,14.3,8.672
UNFIUSDT,BUY,LIMIT,1702241596098,8.8,8.673
UNFIUSDT,BUY,LIMIT,1702241687722,10.9,8.688
UNFIUSDT,SELL,LIMIT,1702242429377,36.5,8.214
UNFIUSDT,BUY,LIMIT,1702242508343,41.8,8.606
UNFIUSDT,BUY,LIMIT,1702243059429,0.2,8.603
UNFIUSDT,SELL,LIMIT,1702250144595,35.9,8.143
UNFIUSDT,SELL,LIMIT,1702250260575,10.7,8.054
UNFIUSDT,SELL,LIMIT,1702251423152,47.5,8.113
UNFIUSDT,SELL,LIMIT,1702255252700,44.6,8.047
UNFIUSDT,SELL,LIMIT,1702255255623,54.6,8.041
UNFIUSDT,SELL,LIMIT,1702256074245,7.6,8.029
UNFIUSDT,SELL,LIMIT,1702256135808,448.8,8.009
UNFIUSDT,SELL,LIMIT,1702256137075,55.4,8.001
UNFIUSDT,SELL,LIMIT,1702256138348,43.3,7.988
UNFIUSDT,SELL,LIMIT,1702256436415,284.4,7.978
UNFIUSDT,SELL,LIMIT,1702256438008,35.1,7.975
UNFIUSDT,SELL,LIMIT,1702256439182,115.6,7.973
UNFIUSDT,SELL,LIMIT,1702256441420,10.9,7.971
UNFIUSDT,SELL,LIMIT,1702256572637,64.2,7.964
UNFIUSDT,SELL,LIMIT,1702256576239,131.2,7.964
UNFIUSDT,SELL,LIMIT,1702256577777,46.4,7.963
UNFIUSDT,SELL,LIMIT,1702256579088,302.3,7.959
UNFIUSDT,SELL,LIMIT,1702256598789,23.4,7.958
UNFIUSDT,SELL,LIMIT,1702256599832,7.7,7.956
UNFIUSDT,SELL,LIMIT,1702256604335,112.9,7.952
UNFIUSDT,SELL,LIMIT,1702256605587,0.8,7.950
UNFIUSDT,SELL,LIMIT,1702256607228,4.7,7.945
UNFIUSDT,SELL,LIMIT,1702256614021,49.4,7.943
UNFIUSDT,SELL,LIMIT,1702256616260,61.4,7.934
UNFIUSDT,SELL,LIMIT,1702256617645,496.5,7.934
UNFIUSDT,SELL,LIMIT,1702256622336,5.8,7.927
UNFIUSDT,SELL,LIMIT,1702256624426,6.0,7.917
UNFIUSDT,SELL,LIMIT,1702256625927,11.2,7.917
UNFIUSDT,SELL,LIMIT,1702256670861,2.0,7.939
UNFIUSDT,SELL,LIMIT,1702256729452,3.2,7.924
UNFIUSDT,SELL,LIMIT,1702256840436,264.3,7.917
UNFIUSDT,SELL,LIMIT,1702256860866,71.1,7.984
UNFIUSDT,SELL,LIMIT,1702256899701,729.7,7.922
UNFIUSDT,SELL,LIMIT,1702256911149,5.8,7.912
UNFIUSDT,SELL,LIMIT,1702256915711,1.1,7.902
UNFIUSDT,SELL,LIMIT,1702256917701,91.6,7.901
UNFIUSDT,SELL,LIMIT,1702256919077,200.0,7.905
UNFIUSDT,SELL,LIMIT,1702256920687,4.1,7.900
UNFIUSDT,SELL,LIMIT,1702256922238,488.6,7.898
UNFIUSDT,SELL,LIMIT,1702256924460,5.0,7.886
UNFIUSDT,SELL,LIMIT,1702256926363,20.5,7.884
UNFIUSDT,SELL,LIMIT,1702256927386,829.9,7.881
UNFIUSDT,SELL,LIMIT,1702256929140,16.8,7.862
UNFIUSDT,SELL,LIMIT,1702256930179,15.2,7.870
UNFIUSDT,SELL,LIMIT,1702256931365,354.6,7.835
UNFIUSDT,SELL,LIMIT,1702256979218,74.4,7.868
UNFIUSDT,SELL,LIMIT,1702257008275,248.8,7.856
UNFIUSDT,SELL,LIMIT,1702258912516,7.3,7.850
UNFIUSDT,SELL,LIMIT,1702259154705,26.2,7.829
UNFIUSDT,SELL,LIMIT,1702259207628,4.9,7.828
UNFIUSDT,SELL,LIMIT,1702259224849,19.4,7.826
UNFIUSDT,SELL,LIMIT,1702259229689,36.4,7.819
UNFIUSDT,SELL,LIMIT,1702259231300,4.6,7.815
UNFIUSDT,SELL,LIMIT,1702259232361,10.6,7.817
UNFIUSDT,SELL,LIMIT,1702259234097,24.4,7.806
UNFIUSDT,SELL,LIMIT,1702259235113,6.3,7.807
UNFIUSDT,SELL,LIMIT,1702259236362,119.8,7.806
UNFIUSDT,SELL,LIMIT,1702259237375,274.2,7.805
UNFIUSDT,SELL,LIMIT,1702259238939,35.3,7.800
UNFIUSDT,SELL,LIMIT,1702259240209,8.3,7.790
UNFIUSDT,SELL,LIMIT,1702259241240,106.1,7.788
UNFIUSDT,SELL,LIMIT,1702260195451,1235.0,7.846
UNFIUSDT,SELL,LIMIT,1702260216000,0.1,7.854
UNFIUSDT,SELL,LIMIT,1702260283614,714.0,7.820
UNFIUSDT,SELL,LIMIT,1702260424586,132.6,7.800
UNFIUSDT,SELL,LIMIT,1702260429510,169.1,7.787
UNFIUSDT,SELL,LIMIT,1702260430517,79.7,7.782
UNFIUSDT,SELL,LIMIT,1702260431576,2.5,7.779
UNFIUSDT,SELL,LIMIT,1702260434789,33.0,7.783
UNFIUSDT,SELL,LIMIT,1702260436556,37.6,7.774
UNFIUSDT,SELL,LIMIT,1702260437604,2.4,7.769
UNFIUSDT,SELL,LIMIT,1702260438620,2.6,7.769
UNFIUSDT,SELL,LIMIT,1702260439742,287.0,7.766
UNFIUSDT,SELL,LIMIT,1702260441203,22.6,7.749
UNFIUSDT,SELL,LIMIT,1702260442246,179.4,7.762
UNFIUSDT,SELL,LIMIT,1702260443676,178.4,7.748
UNFIUSDT,SELL,LIMIT,1702260445610,119.6,7.749
UNFIUSDT,SELL,LIMIT,1702260613037,18.6,7.772
UNFIUSDT,SELL,LIMIT,1702260628509,12.0,7.749
UNFIUSDT,SELL,LIMIT,1702260629539,53.3,7.746
UNFIUSDT,BUY,LIMIT,1702260631690,11.2,8.143
UNFIUSDT,SELL,LIMIT,1702260633279,82.6,7.745
UNFIUSDT,SELL,LIMIT,1702260634286,19.2,7.742
UNFIUSDT,SELL,LIMIT,1702260635370,9.1,7.734
UNFIUSDT,SELL,LIMIT,1702260636710,17.9,7.732
UNFIUSDT,SELL,LIMIT,1702260656459,1.6,7.732
UNFIUSDT,SELL,LIMIT,1702260665118,106.6,7.717
UNFIUSDT,SELL,LIMIT,1702260666262,16.0,7.715
UNFIUSDT,SELL,LIMIT,1702260667272,298.8,7.712
UNFIUSDT,SELL,LIMIT,1702260686199,597.5,7.721
UNFIUSDT,SELL,LIMIT,1702260689213,13.0,7.710
UNFIUSDT,SELL,LIMIT,1702260690297,490.4,7.711
UNFIUSDT,SELL,LIMIT,1702260691453,16.4,7.707
UNFIUSDT,SELL,LIMIT,1702260692507,20.9,7.702
UNFIUSDT,SELL,LIMIT,1702260693527,24.0,7.683
UNFIUSDT,SELL,LIMIT,1702260694547,632.5,7.682
UNFIUSDT,SELL,LIMIT,1702260695568,59.5,7.680
UNFIUSDT,SELL,LIMIT,1702260696622,402.2,7.669
UNFIUSDT,SELL,LIMIT,1702260697625,28.0,7.659
UNFIUSDT,SELL,LIMIT,1702260698891,3.6,7.636
UNFIUSDT,SELL,LIMIT,1702260699911,227.1,7.623
UNFIUSDT,SELL,LIMIT,1702260701015,25.0,7.639
UNFIUSDT,SELL,LIMIT,1702260702027,19.6,7.622
UNFIUSDT,SELL,LIMIT,1702260703187,4.8,7.620
UNFIUSDT,SELL,LIMIT,1702260706429,168.6,7.631
UNFIUSDT,SELL,LIMIT,1702260707509,10.9,7.622
UNFIUSDT,SELL,LIMIT,1702260708568,26.0,7.619
UNFIUSDT,SELL,LIMIT,1702260710202,56.2,7.617
UNFIUSDT,SELL,LIMIT,1702260711433,36.6,7.618
UNFIUSDT,SELL,LIMIT,1702260712464,658.7,7.620
UNFIUSDT,SELL,LIMIT,1702260713483,11.1,7.618
UNFIUSDT,SELL,LIMIT,1702260714596,20.0,7.613
UNFIUSDT,SELL,LIMIT,1702260715618,55.1,7.613
UNFIUSDT,SELL,LIMIT,1702260716716,218.1,7.609
UNFIUSDT,SELL,LIMIT,1702260717718,188.4,7.601
UNFIUSDT,SELL,LIMIT,1702260718738,44.9,7.602
UNFIUSDT,SELL,LIMIT,1702260719765,796.3,7.589
UNFIUSDT,SELL,LIMIT,1702260720799,136.6,7.555
UNFIUSDT,SELL,LIMIT,1702260722482,2.4,7.517
UNFIUSDT,SELL,LIMIT,1702260723497,54.7,7.482
UNFIUSDT,SELL,LIMIT,1702260724474,1.4,7.475
UNFIUSDT,SELL,LIMIT,1702260725528,4.0,7.436
UNFIUSDT,SELL,LIMIT,1702260726568,36.2,7.442
UNFIUSDT,SELL,LIMIT,1702260727556,9.5,7.427
UNFIUSDT,SELL,LIMIT,1702260728594,263.8,7.432
UNFIUSDT,SELL,LIMIT,1702260729617,929.6,7.387
UNFIUSDT,SELL,LIMIT,1702260730718,55.4,7.406
UNFIUSDT,SELL,LIMIT,1702260731754,201.7,7.389
UNFIUSDT,SELL,LIMIT,1702260732756,38.3,7.347
UNFIUSDT,SELL,LIMIT,1702260733888,11.7,7.369
UNFIUSDT,SELL,LIMIT,1702260734908,409.5,7.363
UNFIUSDT,SELL,LIMIT,1702260735967,16.4,7.355
UNFIUSDT,SELL,LIMIT,1702260736981,24.2,7.448
UNFIUSDT,SELL,LIMIT,1702260737991,49.3,7.336
UNFIUSDT,SELL,LIMIT,1702260739192,36.0,7.345
UNFIUSDT,SELL,LIMIT,1702260740446,78.4,7.349
UNFIUSDT,SELL,LIMIT,1702260741503,46.2,7.340
UNFIUSDT,SELL,LIMIT,1702260742651,116.1,7.340
UNFIUSDT,SELL,LIMIT,1702260743656,21.0,7.342
UNFIUSDT,SELL,LIMIT,1702260744741,3.3,7.342
UNFIUSDT,SELL,LIMIT,1702260745743,74.2,7.344
UNFIUSDT,SELL,LIMIT,1702260746772,48.4,7.344
UNFIUSDT,SELL,LIMIT,1702260748103,672.0,7.355
UNFIUSDT,SELL,LIMIT,1702260749475,853.9,7.351
UNFIUSDT,SELL,LIMIT,1702260750693,6.3,7.334
UNFIUSDT,SELL,LIMIT,1702260751829,25.0,7.333
UNFIUSDT,SELL,LIMIT,1702260753249,41.7,7.354
UNFIUSDT,SELL,LIMIT,1702260754514,30.9,7.340
UNFIUSDT,SELL,LIMIT,1702260755516,10.7,7.341
UNFIUSDT,SELL,LIMIT,1702260756527,1.0,7.340
UNFIUSDT,SELL,LIMIT,1702260757568,24.1,7.333
UNFIUSDT,SELL,LIMIT,1702260758620,11.0,7.335
UNFIUSDT,SELL,LIMIT,1702260759659,20.5,7.335
UNFIUSDT,SELL,LIMIT,1702260760633,24.2,7.335
UNFIUSDT,SELL,LIMIT,1702260761687,39.6,7.335
UNFIUSDT,SELL,LIMIT,1702260762688,1.4,7.308
UNFIUSDT,SELL,LIMIT,1702260763691,31.7,7.313
UNFIUSDT,SELL,LIMIT,1702260764697,98.6,7.263
UNFIUSDT,SELL,LIMIT,1702260765699,11.8,7.270
UNFIUSDT,SELL,LIMIT,1702260766667,9.2,7.232
UNFIUSDT,SELL,LIMIT,1702260767706,111.1,7.233
UNFIUSDT,SELL,LIMIT,1702260768708,86.7,7.209
UNFIUSDT,SELL,LIMIT,1702260769654,15.2,7.136
UNFIUSDT,SELL,LIMIT,1702260770738,180.5,7.076
UNFIUSDT,SELL,LIMIT,1702260771741,15.7,7.065
UNFIUSDT,SELL,LIMIT,1702260772761,193.2,7.059
UNFIUSDT,SELL,LIMIT,1702260773947,190.6,7.059
UNFIUSDT,SELL,LIMIT,1702260774948,45.1,6.982
UNFIUSDT,SELL,LIMIT,1702260775949,5.8,6.902
UNFIUSDT,SELL,LIMIT,1702260776951,32.7,6.895
UNFIUSDT,SELL,LIMIT,1702260777999,33.4,6.887
UNFIUSDT,SELL,LIMIT,1702260779007,85.0,6.884
UNFIUSDT,SELL,LIMIT,1702260780089,16.4,6.880
UNFIUSDT,SELL,LIMIT,1702260781121,170.2,6.834
UNFIUSDT,SELL,LIMIT,1702260782210,11.5,6.825
UNFIUSDT,SELL,LIMIT,1702260783285,24.1,6.794
UNFIUSDT,SELL,LIMIT,1702260784287,57.0,6.726
UNFIUSDT,SELL,LIMIT,1702260785325,79.5,6.726
UNFIUSDT,SELL,LIMIT,1702260786352,74.1,6.725
UNFIUSDT,SELL,LIMIT,1702260787367,26.2,6.644
UNFIUSDT,SELL,LIMIT,1702260788363,31.1,6.669
UNFIUSDT,SELL,LIMIT,1702260789383,45.2,6.611
UNFIUSDT,SELL,LIMIT,1702260790466,58.9,6.608
UNFIUSDT,SELL,LIMIT,1702260791477,6.3,6.610
UNFIUSDT,SELL,LIMIT,1702260792483,4.2,6.545
UNFIUSDT,SELL,LIMIT,1702260793496,39.7,6.445
UNFIUSDT,SELL,LIMIT,1702260794499,22.9,6.535
UNFIUSDT,SELL,LIMIT,1702260795508,117.9,6.431
UNFIUSDT,SELL,LIMIT,1702260796513,44.9,6.415
UNFIUSDT,SELL,LIMIT,1702260797525,105.0,6.438
UNFIUSDT,SELL,LIMIT,1702260798710,51.0,6.438
UNFIUSDT,SELL,LIMIT,1702260799732,1341.9,6.490
UNFIUSDT,SELL,LIMIT,1702260800810,56.0,6.525
UNFIUSDT,SELL,LIMIT,1702260801832,7015.1,6.339
UNFIUSDT,SELL,LIMIT,1702260802897,201.3,6.432
UNFIUSDT,SELL,LIMIT,1702260804146,15.3,6.463
UNFIUSDT,SELL,LIMIT,1702260805218,33.9,6.433
UNFIUSDT,SELL,LIMIT,1702260806240,449.4,6.376
UNFIUSDT,SELL,LIMIT,1702260807261,416.2,6.322
UNFIUSDT,SELL,LIMIT,1702260808374,93.8,6.309
UNFIUSDT,SELL,LIMIT,1702260809409,41.8,6.277
UNFIUSDT,SELL,LIMIT,1702260810451,57.9,6.241
UNFIUSDT,SELL,LIMIT,1702260811451,136.6,6.210
UNFIUSDT,SELL,LIMIT,1702260812471,280.1,6.179
UNFIUSDT,SELL,LIMIT,1702260813526,12.2,6.207
UNFIUSDT,SELL,LIMIT,1702260814627,112.3,6.172
UNFIUSDT,SELL,LIMIT,1702260817113,67.5,6.143
UNFIUSDT,SELL,LIMIT,1702260818137,4857.6,6.124
UNFIUSDT,SELL,LIMIT,1702260819403,756.4,6.151
UNFIUSDT,SELL,LIMIT,1702260820408,247.0,6.103
UNFIUSDT,SELL,LIMIT,1702260821494,394.7,6.080
UNFIUSDT,SELL,LIMIT,1702260822504,12.7,6.059
UNFIUSDT,SELL,LIMIT,1702260825941,32.7,6.066
UNFIUSDT,SELL,LIMIT,1702260826955,46.9,6.007
UNFIUSDT,SELL,LIMIT,1702260828197,365.6,5.991
UNFIUSDT,SELL,LIMIT,1702260829203,2026.1,5.967
UNFIUSDT,SELL,LIMIT,1702260831068,654.7,5.911
UNFIUSDT,SELL,LIMIT,1702260832084,5.2,5.939
UNFIUSDT,SELL,LIMIT,1702260833417,81.5,5.911
UNFIUSDT,SELL,LIMIT,1702260834419,253.4,5.843
UNFIUSDT,SELL,LIMIT,1702260835468,99.2,5.796
UNFIUSDT,SELL,LIMIT,1702260836612,635.0,5.783
UNFIUSDT,SELL,LIMIT,1702260837616,104.8,5.776
UNFIUSDT,BUY,LIMIT,1702260845325,124.8,6.300
UNFIUSDT,BUY,LIMIT,1702260864098,5021.7,6.684
UNFIUSDT,BUY,LIMIT,1702260872706,15.4,6.868
UNFIUSDT,BUY,LIMIT,1702260874336,2.0,6.844
UNFIUSDT,BUY,LIMIT,1702260885789,246.4,6.941
UNFIUSDT,SELL,LIMIT,1702260983591,18.5,6.482
UNFIUSDT,SELL,LIMIT,1702260984704,152.5,6.482
UNFIUSDT,SELL,LIMIT,1702260985898,7.4,6.442
UNFIUSDT,SELL,LIMIT,1702260986948,5.0,6.440
UNFIUSDT,SELL,LIMIT,1702260988481,8.2,6.408
UNFIUSDT,SELL,LIMIT,1702261012469,7.3,6.393
UNFIUSDT,BUY,LIMIT,1702261067001,43.7,6.897
UNFIUSDT,BUY,LIMIT,1702261076486,7.8,6.926
UNFIUSDT,BUY,LIMIT,1702261082464,33.0,6.953
UNFIUSDT,SELL,LIMIT,1702261294810,108.8,6.553
UNFIUSDT,SELL,LIMIT,1702261300412,70.3,6.535
UNFIUSDT,SELL,LIMIT,1702261303067,586.4,6.530
UNFIUSDT,SELL,LIMIT,1702261304237,24.1,6.524
UNFIUSDT,SELL,LIMIT,1702261305716,11.6,6.505
UNFIUSDT,SELL,LIMIT,1702261308168,11.9,6.496
UNFIUSDT,SELL,LIMIT,1702261309240,3.8,6.492
UNFIUSDT,BUY,LIMIT,1702261415509,13.9,7.043
UNFIUSDT,BUY,LIMIT,1702261418511,6.0,7.061
UNFIUSDT,BUY,LIMIT,1702261428539,1.0,7.079
UNFIUSDT,BUY,LIMIT,1702261527135,1.5,7.188
UNFIUSDT,BUY,LIMIT,1702261539477,13.9,7.194
UNFIUSDT,BUY,LIMIT,1702261751949,2.4,7.305
UNFIUSDT,BUY,LIMIT,1702261822545,7.9,7.356
UNFIUSDT,BUY,LIMIT,1702261826374,24.5,7.362
UNFIUSDT,SELL,LIMIT,1702262563553,2.8,6.906
UNFIUSDT,SELL,LIMIT,1702262612198,70.2,6.892
UNFIUSDT,SELL,LIMIT,1702262982914,91.0,6.885
UNFIUSDT,SELL,LIMIT,1702262990248,23.1,6.891
UNFIUSDT,SELL,LIMIT,1702263291073,27.5,6.974
UNFIUSDT,BUY,LIMIT,1702263396455,3.0,7.348
UNFIUSDT,BUY,LIMIT,1702263520493,8.0,7.389
UNFIUSDT,BUY,LIMIT,1702263953248,1.4,7.471
UNFIUSDT,BUY,LIMIT,1702263954931,196.7,7.473
UNFIUSDT,BUY,LIMIT,1702263956449,2.2,7.476
UNFIUSDT,BUY,LIMIT,1702263980156,48.2,7.488
UNFIUSDT,BUY,LIMIT,1702263995872,50.0,7.496
UNFIUSDT,BUY,LIMIT,1702263998618,79.7,7.506
UNFIUSDT,BUY,LIMIT,1702264098392,0.8,7.544
UNFIUSDT,BUY,LIMIT,1702264100173,351.7,7.547
UNFIUSDT,BUY,LIMIT,1702264108994,281.8,7.553
UNFIUSDT,BUY,LIMIT,1702264110613,7.8,7.564
UNFIUSDT,BUY,LIMIT,1702265160657,22.8,7.600
UNFIUSDT,SELL,LIMIT,1702265940570,886.4,7.268
UNFIUSDT,BUY,LIMIT,1702266157105,360.2,7.699
UNFIUSDT,SELL,LIMIT,1702266527113,5.9,7.274
UNFIUSDT,SELL,LIMIT,1702267082918,135.7,7.248
