Symbol,Side,Order Type,Time,Quantity,Price
UNFIUSDT,BUY,LIMIT,1700991726077,3.5,14.444
UNFIUSDT,BUY,LIMIT,1700991727493,43.1,14.443
UNFIUSDT,BUY,LIMIT,1700991731996,14.0,14.503
UNFIUSDT,BUY,LIMIT,1700991733051,19.9,14.514
UNFIUSDT,BUY,LIMIT,1700991742637,8.6,14.520
UNFIUSDT,BUY,LIMIT,1700991746428,12.2,14.523
UNFIUSDT,BUY,LIMIT,1700991747744,196.0,14.533
UNFIUSDT,BUY,LIMIT,1700991776079,1.7,14.549
UNFIUSDT,BUY,LIMIT,1700991778068,0.7,14.551
UNFIUSDT,SELL,LIMIT,1700993203115,0.7,13.531
UNFIUSDT,SELL,LIMIT,1700993204245,11.0,13.523
UNFIUSDT,SELL,LIMIT,1700993207430,9.9,13.481
UNFIUSDT,SELL,LIMIT,1700993210098,19.6,13.466
UNFIUSDT,SELL,LIMIT,1700993212625,51.0,13.462
UNFIUSDT,SELL,LIMIT,1700993213702,212.1,13.461
UNFIUSDT,SELL,LIMIT,1700993215597,3.6,13.446
UNFIUSDT,SELL,LIMIT,1700993222050,1.3,13.420
UNFIUSDT,SELL,LIMIT,1700993223355,145.4,13.417
UNFIUSDT,SELL,LIMIT,1700993224847,0.6,13.414
UNFIUSDT,SELL,LIMIT,1700993226261,46.5,13.398
UNFIUSDT,SELL,LIMIT,1700993228264,232.8,13.369
UNFIUSDT,SELL,LIMIT,1700993229288,294.6,13.366
UNFIUSDT,SELL,LIMIT,1700993230399,305.1,13.362
UNFIUSDT,SELL,LIMIT,1700993231748,676.1,13.352
UNFIUSDT,SELL,LIMIT,1700993232758,3.5,13.307
UNFIUSDT,SELL,LIMIT,1700993234870,1.7,13.282
UNFIUSDT,SELL,LIMIT,1700993244114,0.7,13.285
UNFIUSDT,SELL,LIMIT,1700993246063,20.0,13.265
UNFIUSDT,SELL,LIMIT,1700993248564,13.8,13.253
UNFIUSDT,SELL,LIMIT,1700993254166,3.0,13.233
UNFIUSDT,SELL,LIMIT,1700993255186,4.4,13.249
UNFIUSDT,SELL,LIMIT,1700993288340,8.4,13.224
UNFIUSDT,SELL,LIMIT,1700993296134,1.8,13.220
UNFIUSDT,SELL,LIMIT,1700993351037,250.5,13.206
UNFIUSDT,SELL,LIMIT,1700993352217,58.0,13.182
UNFIUSDT,SELL,LIMIT,1700993373689,41.3,13.170
UNFIUSDT,SELL,LIMIT,1700993411039,11.4,13.155
UNFIUSDT,SELL,LIMIT,1700993427328,35.7,13.150
UNFIUSDT,SELL,LIMIT,1700993429543,79.9,13.148
UNFIUSDT,SELL,LIMIT,1700993430813,1.0,13.137
UNFIUSDT,SELL,LIMIT,1700993434849,12.0,13.130
UNFIUSDT,SELL,LIMIT,1700993722230,9.3,13.117
UNFIUSDT,SELL,LIMIT,1700993723278,9.2,13.121
UNFIUSDT,SELL,LIMIT,1700993724672,5.4,13.106
UNFIUSDT,SELL,LIMIT,1700993726088,268.7,13.066
UNFIUSDT,SELL,LIMIT,1700993728067,99.7,13.063
UNFIUSDT,SELL,LIMIT,1700993731048,30.4,13.057
UNFIUSDT,SELL,LIMIT,1700993734821,115.0,13.047
UNFIUSDT,SELL,LIMIT,1700993748242,1.1,13.024
UNFIUSDT,SELL,LIMIT,1700993783481,7.9,13.028
UNFIUSDT,SELL,LIMIT,1700993786883,0.4,13.022
UNFIUSDT,SELL,LIMIT,1700993812280,1.1,13.019
UNFIUSDT,SELL,LIMIT,1700993833361,18.2,13.008
UNFIUSDT,SELL,LIMIT,1700993843801,0.7,12.998
UNFIUSDT,SELL,LIMIT,1700993845800,14.2,12.990
UNFIUSDT,SELL,LIMIT,1700993852165,242.0,12.977
UNFIUSDT,SELL,LIMIT,1700993853204,115.0,12.975
UNFIUSDT,BUY,LIMIT,1700994581767,5.4,14.017
UNFIUSDT,BUY,LIMIT,1700994591842,14.3,14.029
UNFIUSDT,BUY,LIMIT,1700994613983,8.1,14.061
UNFIUSDT,BUY,LIMIT,1700994621489,808.5,14.067
UNFIUSDT,BUY,LIMIT,1700994629257,445.6,14.111
UNFIUSDT,BUY,LIMIT,1700994630678,674.0,14.104
UNFIUSDT,BUY,LIMIT,1700994637196,152.2,14.161
UNFIUSDT,BUY,LIMIT,1700994638238,92.0,14.188
UNFIUSDT,BUY,LIMIT,1700994648188,4.3,14.239
UNFIUSDT,BUY,LIMIT,1700994661007,48.8,14.239
UNFIUSDT,BUY,LIMIT,1700994674004,0.4,14.282
UNFIUSDT,BUY,LIMIT,1700994676698,66.9,14.335
UNFIUSDT,BUY,LIMIT,1700994687993,138.3,14.335
UNFIUSDT,BUY,LIMIT,1700994689119,22.0,14.374
UNFIUSDT,BUY,LIMIT,1700994690215,28.9,14.400
UNFIUSDT,BUY,LIMIT,1700994691305,0.9,14.441
UNFIUSDT,BUY,LIMIT,1700994693379,15.4,14.448
UNFIUSDT,BUY,LIMIT,1700994929059,11.0,14.455
UNFIUSDT,BUY,LIMIT,1700994931995,319.6,14.474
UNFIUSDT,BUY,LIMIT,1700994933021,30.9,14.488
UNFIUSDT,BUY,LIMIT,1700994938646,16.8,14.487
UNFIUSDT,BUY,LIMIT,1700994943525,3.3,14.501
UNFIUSDT,BUY,LIMIT,1700995020861,12.3,14.532
UNFIUSDT,BUY,LIMIT,1700995022976,1.7,14.556
UNFIUSDT,BUY,LIMIT,1700995874283,4.4,14.413
UNFIUSDT,BUY,LIMIT,1700995990329,9.6,14.462
UNFIUSDT,BUY,LIMIT,1700998428711,51.2,14.563
UNFIUSDT,BUY,LIMIT,1700998473101,21.5,14.592
UNFIUSDT,BUY,LIMIT,1700999299920,30.0,14.256
UNFIUSDT,BUY,LIMIT,1700999999865,35.8,14.620
UNFIUSDT,BUY,LIMIT,1701000001115,14.5,14.616
UNFIUSDT,SELL,LIMIT,1701001504071,237.9,13.850
UNFIUSDT,BUY,LIMIT,1701001613165,1.1,14.622
UNFIUSDT,BUY,LIMIT,1701001839424,40.3,14.641
UNFIUSDT,BUY,LIMIT,1701001842293,21.0,14.649
UNFIUSDT,BUY,LIMIT,1701001844072,13.9,14.655
UNFIUSDT,BUY,LIMIT,1701001845367,8.0,14.661
UNFIUSDT,BUY,LIMIT,1701001846885,0.4,14.685
UNFIUSDT,BUY,LIMIT,1701001927088,37.6,14.583
UNFIUSDT,BUY,LIMIT,1701002540369,70.2,14.538
UNFIUSDT,BUY,LIMIT,1701002957147,14.9,14.574
UNFIUSDT,SELL,LIMIT,1701003576258,157.3,13.794
UNFIUSDT,BUY,LIMIT,1701005086342,4.9,14.438
UNFIUSDT,SELL,LIMIT,1701005869702,7.6,13.588
UNFIUSDT,BUY,LIMIT,1701006248336,1.9,14.405
UNFIUSDT,BUY,LIMIT,1701006632709,1.0,14.550
UNFIUSDT,BUY,LIMIT,1701007548706,96.6,14.581
UNFIUSDT,SELL,LIMIT,1701009276637,16.1,13.723
UNFIUSDT,BUY,LIMIT,1701009920050,142.6,14.521
UNFIUSDT,SELL,LIMIT,1701010747256,3.9,13.647
UNFIUSDT,SELL,LIMIT,1701010990692,5.6,13.566
UNFIUSDT,SELL,LIMIT,1701010993266,3.9,13.507
UNFIUSDT,SELL,LIMIT,1701010994474,1.3,13.543
UNFIUSDT,SELL,LIMIT,1701011038082,0.4,13.434
UNFIUSDT,SELL,LIMIT,1701011039204,3.8,13.445
UNFIUSDT,SELL,LIMIT,1701011046067,1.1,13.396
UNFIUSDT,SELL,LIMIT,1701011047200,22.9,13.396
UNFIUSDT,SELL,LIMIT,1701011048331,0.6,13.390
UNFIUSDT,SELL,LIMIT,1701011056155,2.8,13.372
UNFIUSDT,SELL,LIMIT,1701011057216,315.0,13.388
UNFIUSDT,BUY,LIMIT,1701011936301,39.3,14.245
UNFIUSDT,SELL,LIMIT,1701012364842,2.9,13.424
UNFIUSDT,SELL,LIMIT,1701012526184,2.2,13.341
UNFIUSDT,SELL,LIMIT,1701012527282,60.0,13.340
UNFIUSDT,SELL,LIMIT,1701012754784,12.3,13.390
UNFIUSDT,SELL,LIMIT,1701013317285,3.0,13.454
UNFIUSDT,SELL,LIMIT,1701013696804,1.0,13.456
UNFIUSDT,SELL,LIMIT,1701014017305,22.2,13.378
UNFIUSDT,SELL,LIMIT,1701014058756,33.6,13.359
UNFIUSDT,SELL,LIMIT,1701014297565,6.6,13.338
UNFIUSDT,SELL,LIMIT,1701014526336,18.9,13.302
UNFIUSDT,SELL,LIMIT,1701014530856,9.3,13.293
UNFIUSDT,SELL,LIMIT,1701014532221,53.3,13.287
UNFIUSDT,SELL,LIMIT,1701014561574,49.0,13.259
UNFIUSDT,SELL,LIMIT,1701014569211,2.5,13.245
UNFIUSDT,SELL,LIMIT,1701014581624,14.7,13.241
UNFIUSDT,SELL,LIMIT,1701014584894,9.2,13.232
UNFIUSDT,SELL,LIMIT,1701014586069,2.1,13.197
UNFIUSDT,SELL,LIMIT,1701014588217,10.5,13.182
UNFIUSDT,SELL,LIMIT,1701014895048,42.9,13.174
UNFIUSDT,SELL,LIMIT,1701014899806,22.2,13.157
UNFIUSDT,SELL,LIMIT,1701014922084,1.4,15.021
UNFIUSDT,BUY,LIMIT,1701014933342,22.2,13.836
UNFIUSDT,SELL,LIMIT,1701015260356,2.1,13.241
UNFIUSDT,SELL,LIMIT,1701015512547,100.0,13.271
UNFIUSDT,SELL,LIMIT,1701015670198,78.9,13.252
UNFIUSDT,SELL,LIMIT,1701015681621,70.5,13.229
UNFIUSDT,SELL,LIMIT,1701015686438,1.6,13.210
UNFIUSDT,SELL,LIMIT,1701015746457,9.4,13.210
UNFIUSDT,SELL,LIMIT,1701015749653,43.4,13.211
UNFIUSDT,SELL,LIMIT,1701015754166,0.3,21.573
UNFIUSDT,BUY,LIMIT,1701015758204,0.1,13.873
UNFIUSDT,SELL,LIMIT,1701015759507,1.6,13.196
UNFIUSDT,SELL,LIMIT,1701015872430,5.6,13.187
UNFIUSDT,SELL,LIMIT,1701015899634,0.7,13.191
UNFIUSDT,SELL,LIMIT,1701016008187,145.6,13.160
UNFIUSDT,SELL,LIMIT,1701016013882,161.8,13.164
UNFIUSDT,SELL,LIMIT,1701016033144,78.0,13.128
UNFIUSDT,SELL,LIMIT,1701016034934,3.7,13.118
UNFIUSDT,SELL,LIMIT,1701016036444,31.5,13.146
UNFIUSDT,BUY,LIMIT,1701016038399,150.0,13.789
UNFIUSDT,SELL,LIMIT,1701016043256,1.0,13.110
UNFIUSDT,SELL,LIMIT,1701016044399,3.6,13.186
UNFIUSDT,SELL,LIMIT,1701016045593,5.5,13.911
UNFIUSDT,SELL,LIMIT,1701016047426,14.7,13.104
UNFIUSDT,SELL,LIMIT,1701016048274,7.0,13.115
UNFIUSDT,SELL,LIMIT,1701016078493,16.8,13.097
UNFIUSDT,SELL,LIMIT,1701016089788,4.6,13.079
UNFIUSDT,BUY,LIMIT,1701016095206,0.1,13.741
UNFIUSDT,SELL,LIMIT,1701016098221,3.1,13.071
UNFIUSDT,SELL,LIMIT,1701016100062,16.6,13.075
UNFIUSDT,SELL,LIMIT,1701016102274,11.7,13.047
UNFIUSDT,SELL,LIMIT,1701016103155,10.5,13.038
UNFIUSDT,BUY,LIMIT,1701018107132,212.6,13.795
UNFIUSDT,BUY,LIMIT,1701020329063,14.1,13.982
UNFIUSDT,SELL,LIMIT,1701023709520,21.1,13.021
UNFIUSDT,SELL,LIMIT,1701023734332,2.9,12.993
UNFIUSDT,SELL,LIMIT,1701023735545,9.7,12.961
UNFIUSDT,SELL,LIMIT,1701025215419,152.3,12.922
UNFIUSDT,SELL,LIMIT,1701025217850,9.0,12.917
UNFIUSDT,SELL,LIMIT,1701025221059,33.6,12.914
UNFIUSDT,SELL,LIMIT,1701025232602,7.0,12.903
UNFIUSDT,SELL,LIMIT,1701025239165,177.2,12.901
UNFIUSDT,SELL,LIMIT,1701025242530,39.5,12.895
UNFIUSDT,SELL,LIMIT,1701025244439,37.9,12.896
UNFIUSDT,BUY,LIMIT,1701032495133,23.0,13.569
UNFIUSDT,SELL,LIMIT,1701032532217,69.5,12.864
UNFIUSDT,SELL,LIMIT,1701032533655,337.1,12.859
UNFIUSDT,SELL,LIMIT,1701032535258,39.2,12.852
UNFIUSDT,SELL,LIMIT,1701032537446,41.7,12.849
UNFIUSDT,SELL,LIMIT,1701032673802,10.2,12.848
UNFIUSDT,SELL,LIMIT,1701032703471,98.1,12.842
UNFIUSDT,SELL,LIMIT,1701033131804,71.2,12.833
UNFIUSDT,SELL,LIMIT,1701033133118,0.5,12.816
UNFIUSDT,SELL,LIMIT,1701033134240,71.1,12.811
UNFIUSDT,SELL,LIMIT,1701033147597,133.0,12.770
UNFIUSDT,SELL,LIMIT,1701033259203,562.3,12.759
UNFIUSDT,SELL,LIMIT,1701033261044,21.0,12.755
UNFIUSDT,SELL,LIMIT,1701033271453,14.4,12.752
UNFIUSDT,BUY,LIMIT,1701038181426,147.8,13.762
UNFIUSDT,BUY,LIMIT,1701038183002,1.1,13.768
UNFIUSDT,BUY,LIMIT,1701038185513,22.2,13.775
UNFIUSDT,BUY,LIMIT,1701038203111,80.0,13.863
UNFIUSDT,BUY,LIMIT,1701038220202,0.5,13.903
UNFIUSDT,BUY,LIMIT,1701038221283,3.5,13.893
UNFIUSDT,BUY,LIMIT,1701038236043,2.5,14.089
UNFIUSDT,BUY,LIMIT,1701038237075,74.2,13.934
UNFIUSDT,BUY,LIMIT,1701038238486,183.5,14.090
UNFIUSDT,BUY,LIMIT,1701038257155,4.1,14.149
UNFIUSDT,BUY,LIMIT,1701038258343,105.8,14.156
UNFIUSDT,BUY,LIMIT,1701038259394,4.9,14.193
UNFIUSDT,BUY,LIMIT,1701038260846,93.3,14.188
UNFIUSDT,BUY,LIMIT,1701038279305,394.5,14.226
UNFIUSDT,BUY,LIMIT,1701038280372,14.9,14.242
UNFIUSDT,BUY,LIMIT,1701038282979,493.3,14.254
UNFIUSDT,BUY,LIMIT,1701038371414,13.4,14.267
UNFIUSDT,BUY,LIMIT,1701038909298,3.4,14.288
UNFIUSDT,BUY,LIMIT,1701038937054,9.5,14.299
UNFIUSDT,BUY,LIMIT,1701038939120,37.5,14.382
UNFIUSDT,BUY,LIMIT,1701038940336,4.7,14.380
UNFIUSDT,BUY,LIMIT,1701039926417,0.5,14.424
UNFIUSDT,BUY,LIMIT,1701039927760,341.7,14.441
UNFIUSDT,BUY,LIMIT,1701040878606,36.9,14.460
UNFIUSDT,BUY,LIMIT,1701040879750,4.3,14.483
UNFIUSDT,BUY,LIMIT,1701041161377,34.2,14.487
UNFIUSDT,BUY,LIMIT,1701041210750,611.2,14.490
UNFIUSDT,BUY,LIMIT,1701041256893,1.5,14.500
UNFIUSDT,BUY,LIMIT,1701041344825,4.9,14.526
UNFIUSDT,BUY,LIMIT,1701041357183,9.7,14.539
UNFIUSDT,BUY,LIMIT,1701041361044,236.8,14.546
UNFIUSDT,BUY,LIMIT,1701041363361,6.8,14.550
UNFIUSDT,BUY,LIMIT,1701041569379,37.1,14.558
UNFIUSDT,BUY,LIMIT,1701041577287,72.8,14.569
UNFIUSDT,BUY,LIMIT,1701041582274,32.3,14.585
UNFIUSDT,BUY,LIMIT,1701041583310,2.5,14.579
UNFIUSDT,BUY,LIMIT,1701041594373,7.6,14.593
UNFIUSDT,BUY,LIMIT,1701041646406,3.5,14.603
UNFIUSDT,BUY,LIMIT,1701041916134,24.5,14.610
UNFIUSDT,BUY,LIMIT,1701041949651,22.6,14.617
UNFIUSDT,BUY,LIMIT,1701041980068,1.4,14.618
UNFIUSDT,BUY,LIMIT,1701041981319,66.2,14.619
UNFIUSDT,BUY,LIMIT,1701042019391,131.7,14.643
UNFIUSDT,BUY,LIMIT,1701042022208,11.3,14.653
UNFIUSDT,BUY,LIMIT,1701042050428,358.0,14.653
UNFIUSDT,BUY,LIMIT,1701042068504,49.4,14.661
UNFIUSDT,BUY,LIMIT,1701042099050,3.6,14.678
UNFIUSDT,BUY,LIMIT,1701042116482,22.4,14.685
UNFIUSDT,BUY,LIMIT,1701042146282,119.3,14.699
UNFIUSDT,BUY,LIMIT,1701042162235,0.4,14.716
UNFIUSDT,BUY,LIMIT,1701042187286,6.2,14.719
UNFIUSDT,BUY,LIMIT,1701042189127,2.2,14.723
UNFIUSDT,BUY,LIMIT,1701042200493,27.2,14.725
UNFIUSDT,BUY,LIMIT,1701042220280,27.5,14.730
UNFIUSDT,BUY,LIMIT,1701042222356,0.8,14.741
UNFIUSDT,BUY,LIMIT,1701042223582,2.8,14.742
UNFIUSDT,BUY,LIMIT,1701042225088,0.5,14.746
UNFIUSDT,BUY,LIMIT,1701042226178,7.4,14.774
UNFIUSDT,BUY,LIMIT,1701042227388,4.6,14.769
UNFIUSDT,BUY,LIMIT,1701042228441,0.7,14.802
UNFIUSDT,BUY,LIMIT,1701042229783,7.0,14.807
UNFIUSDT,BUY,LIMIT,1701042236052,1.7,14.816
UNFIUSDT,BUY,LIMIT,1701042237200,54.6,14.827
UNFIUSDT,BUY,LIMIT,1701042238382,1.4,14.835
UNFIUSDT,BUY,LIMIT,1701042239552,2.4,14.849
UNFIUSDT,BUY,LIMIT,1701042241037,5.9,14.850
UNFIUSDT,BUY,LIMIT,1701042243087,108.3,14.856
UNFIUSDT,BUY,LIMIT,1701042244102,15.4,14.866
UNFIUSDT,BUY,LIMIT,1701042245127,43.9,14.875
UNFIUSDT,BUY,LIMIT,1701042246430,45.7,14.931
UNFIUSDT,BUY,LIMIT,1701042248302,152.7,14.948
UNFIUSDT,BUY,LIMIT,1701042254140,2.3,14.954
UNFIUSDT,BUY,LIMIT,1701042256059,21.0,14.969
UNFIUSDT,BUY,LIMIT,1701042257143,14.0,14.974
UNFIUSDT,BUY,LIMIT,1701042258206,11.0,15.054
UNFIUSDT,BUY,LIMIT,1701043054891,7.3,14.977
UNFIUSDT,BUY,LIMIT,1701043056126,30.2,15.029
UNFIUSDT,BUY,LIMIT,1701043058071,7.1,15.073
UNFIUSDT,BUY,LIMIT,1701043059085,12.1,15.085
UNFIUSDT,BUY,LIMIT,1701043060164,258.3,15.056
UNFIUSDT,BUY,LIMIT,1701043064842,8.0,15.080
UNFIUSDT,SELL,LIMIT,1701043221848,1.6,13.906
UNFIUSDT,SELL,LIMIT,1701043240562,4.2,13.878
UNFIUSDT,SELL,LIMIT,1701043242669,136.6,13.836
UNFIUSDT,SELL,LIMIT,1701043244183,49.0,13.791
UNFIUSDT,SELL,LIMIT,1701043245187,2.9,13.728
UNFIUSDT,SELL,LIMIT,1701043246190,3.3,13.699
UNFIUSDT,SELL,LIMIT,1701043247361,2.7,13.688
UNFIUSDT,BUY,LIMIT,1701043502306,94.9,14.735
UNFIUSDT,BUY,LIMIT,1701043504609,1.5,14.796
UNFIUSDT,BUY,LIMIT,1701043521395,3.3,14.806
UNFIUSDT,BUY,LIMIT,1701044254383,6.8,14.939
UNFIUSDT,BUY,LIMIT,1701044265497,0.3,14.997
UNFIUSDT,BUY,LIMIT,1701044273053,86.9,15.027
UNFIUSDT,BUY,LIMIT,1701044679583,5.0,14.963
UNFIUSDT,BUY,LIMIT,1701045992261,31.6,14.702
UNFIUSDT,SELL,LIMIT,1701046086225,107.6,14.008
UNFIUSDT,SELL,LIMIT,1701046908823,82.6,13.808
UNFIUSDT,SELL,LIMIT,1701046915228,26.0,13.764
UNFIUSDT,SELL,LIMIT,1701047201108,19.8,13.730
UNFIUSDT,SELL,LIMIT,1701047202238,40.4,13.732
UNFIUSDT,SELL,LIMIT,1701047438652,73.2,13.704
UNFIUSDT,SELL,LIMIT,1701047440655,3.9,13.664
UNFIUSDT,BUY,LIMIT,1701048876743,3.8,14.737
UNFIUSDT,BUY,LIMIT,1701048998426,71.0,14.750
UNFIUSDT,BUY,LIMIT,1701049455089,1.4,14.833
UNFIUSDT,BUY,LIMIT,1701049484107,2.0,14.864
UNFIUSDT,BUY,LIMIT,1701049494241,0.4,14.908
UNFIUSDT,BUY,LIMIT,1701049655257,35.8,14.860
UNFIUSDT,BUY,LIMIT,1701050212860,3.0,14.924
UNFIUSDT,BUY,LIMIT,1701050418239,39.7,14.962
UNFIUSDT,BUY,LIMIT,1701050760742,77.0,14.929
UNFIUSDT,BUY,LIMIT,1701051058895,109.4,15.001
UNFIUSDT,BUY,LIMIT,1701051061029,12.8,15.010
UNFIUSDT,BUY,LIMIT,1701051212191,12.1,15.123
UNFIUSDT,BUY,LIMIT,1701051213207,1.2,15.124
UNFIUSDT,BUY,LIMIT,1701051216489,6.0,15.133
UNFIUSDT,BUY,LIMIT,1701051612325,64.1,15.144
UNFIUSDT,BUY,LIMIT,1701051621134,16.6,15.146
UNFIUSDT,BUY,LIMIT,1701051628342,121.0,15.152
UNFIUSDT,BUY,LIMIT,1701051632088,2.0,15.163
UNFIUSDT,BUY,LIMIT,1701051633245,8.6,15.164
UNFIUSDT,BUY,LIMIT,1701051634590,4.1,15.165
UNFIUSDT,BUY,LIMIT,1701051635772,14.9,15.166
UNFIUSDT,BUY,LIMIT,1701051651685,1.2,15.171
UNFIUSDT,BUY,LIMIT,1701051658386,139.9,15.104
UNFIUSDT,BUY,LIMIT,1701051668222,3.6,15.177
UNFIUSDT,BUY,LIMIT,1701051763420,3.2,15.180
UNFIUSDT,BUY,LIMIT,1701051769140,0.5,15.188
UNFIUSDT,BUY,LIMIT,1701051802367,326.0,15.185
UNFIUSDT,BUY,LIMIT,1701051846135,117.3,15.191
UNFIUSDT,BUY,LIMIT,1701051850137,68.9,15.196
UNFIUSDT,BUY,LIMIT,1701052863050,168.0,15.193
UNFIUSDT,BUY,LIMIT,1701052866910,27.3,15.198
UNFIUSDT,BUY,LIMIT,1701052937150,50.0,15.200
UNFIUSDT,BUY,LIMIT,1701052948786,1.2,15.201
UNFIUSDT,BUY,LIMIT,1701052953984,0.8,15.210
UNFIUSDT,BUY,LIMIT,1701052958643,13.7,15.217
UNFIUSDT,BUY,LIMIT,1701052960027,1.0,15.219
UNFIUSDT,BUY,LIMIT,1701052961233,26.2,15.257
UNFIUSDT,BUY,LIMIT,1701053270673,0.7,15.255
UNFIUSDT,BUY,LIMIT,1701053271818,3.1,15.267
UNFIUSDT,BUY,LIMIT,1701053273238,28.7,15.276
UNFIUSDT,SELL,LIMIT,1701054439070,11.3,14.081
UNFIUSDT,SELL,LIMIT,1701054440095,13.6,14.111
UNFIUSDT,SELL,LIMIT,1701054441388,6.1,14.038
UNFIUSDT,SELL,LIMIT,1701054443166,91.7,13.996
UNFIUSDT,SELL,LIMIT,1701054452167,280.5,13.971
UNFIUSDT,SELL,LIMIT,1701054453228,27.9,13.900
UNFIUSDT,SELL,LIMIT,1701054459145,63.9,13.855
UNFIUSDT,SELL,LIMIT,1701054465125,21.8,13.827
UNFIUSDT,SELL,LIMIT,1701054473309,34.5,13.792
UNFIUSDT,SELL,LIMIT,1701054528847,18.6,13.778
UNFIUSDT,SELL,LIMIT,1701055000113,32.7,13.674
UNFIUSDT,SELL,LIMIT,1701055038076,9.3,13.536
UNFIUSDT,SELL,LIMIT,1701055039093,44.7,13.645
UNFIUSDT,SELL,LIMIT,1701055040362,183.6,13.493
UNFIUSDT,SELL,LIMIT,1701055042061,141.7,13.434
UNFIUSDT,SELL,LIMIT,1701055043119,74.7,13.447
UNFIUSDT,SELL,LIMIT,1701055047071,6.4,13.415
UNFIUSDT,SELL,LIMIT,1701055053371,70.7,13.400
UNFIUSDT,SELL,LIMIT,1701055057111,2.0,13.328
UNFIUSDT,SELL,LIMIT,1701055058122,0.6,13.292
UNFIUSDT,SELL,LIMIT,1701055061646,334.5,13.273
UNFIUSDT,SELL,LIMIT,1701055062787,185.5,13.160
UNFIUSDT,SELL,LIMIT,1701055064690,194.1,13.170
UNFIUSDT,SELL,LIMIT,1701055065691,195.9,13.152
UNFIUSDT,SELL,LIMIT,1701055067215,3.8,13.143
UNFIUSDT,SELL,LIMIT,1701055069320,97.8,13.128
UNFIUSDT,SELL,LIMIT,1701055254832,313.3,13.213
UNFIUSDT,SELL,LIMIT,1701055322304,57.0,13.120
UNFIUSDT,SELL,LIMIT,1701055323667,116.9,13.034
UNFIUSDT,SELL,LIMIT,1701055337357,64.9,13.013
UNFIUSDT,SELL,LIMIT,1701055341551,0.9,13.019
UNFIUSDT,SELL,LIMIT,1701055344573,41.8,13.031
UNFIUSDT,SELL,LIMIT,1701055368469,165.2,12.983
UNFIUSDT,SELL,LIMIT,1701055370409,27.7,12.975
UNFIUSDT,SELL,LIMIT,1701055371417,3.6,12.978
UNFIUSDT,SELL,LIMIT,1701055372422,892.7,12.980
UNFIUSDT,SELL,LIMIT,1701055386099,58.0,12.945
UNFIUSDT,SELL,LIMIT,1701055387226,139.0,12.949
UNFIUSDT,SELL,LIMIT,1701055389606,37.8,12.940
UNFIUSDT,SELL,LIMIT,1701056090325,0.4,13.151
UNFIUSDT,BUY,LIMIT,1701057246268,0.7,14.129
UNFIUSDT,BUY,LIMIT,1701057247808,273.8,14.147
UNFIUSDT,BUY,LIMIT,1701057261332,0.9,14.219
UNFIUSDT,BUY,LIMIT,1701057289961,4.7,14.270
UNFIUSDT,BUY,LIMIT,1701057372484,47.7,14.297
UNFIUSDT,BUY,LIMIT,1701057601213,68.6,14.292
UNFIUSDT,BUY,LIMIT,1701057614204,291.7,14.363
UNFIUSDT,BUY,LIMIT,1701057776069,291.8,14.508
UNFIUSDT,BUY,LIMIT,1701057777325,39.0,14.510
UNFIUSDT,BUY,LIMIT,1701057778502,74.1,14.535
UNFIUSDT,BUY,LIMIT,1701057786363,88.2,14.562
UNFIUSDT,BUY,LIMIT,1701057790412,45.1,14.593
UNFIUSDT,BUY,LIMIT,1701058019710,2.6,14.695
UNFIUSDT,BUY,LIMIT,1701058020746,11.9,14.750
UNFIUSDT,BUY,LIMIT,1701058021968,3.0,14.790
UNFIUSDT,SELL,LIMIT,1701059705047,73.4,13.714
UNFIUSDT,SELL,LIMIT,1701059716140,7.1,13.676
UNFIUSDT,SELL,LIMIT,1701059756636,1.5,13.569
UNFIUSDT,SELL,LIMIT,1701059760777,2.8,13.415
UNFIUSDT,SELL,LIMIT,1701059762899,28.3,13.398
UNFIUSDT,BUY,LIMIT,1701059968205,29.6,14.433
UNFIUSDT,BUY,LIMIT,1701060053064,1.5,14.494
UNFIUSDT,BUY,LIMIT,1701060631202,22.5,14.561
UNFIUSDT,BUY,LIMIT,1701061001110,13.4,14.591
UNFIUSDT,BUY,LIMIT,1701061154498,571.0,14.679
UNFIUSDT,SELL,LIMIT,1701062050502,6.2,13.992
UNFIUSDT,SELL,LIMIT,1701062471700,8.7,13.612
UNFIUSDT,SELL,LIMIT,1701062662078,7.2,13.600
UNFIUSDT,SELL,LIMIT,1701062907239,14.7,13.547
UNFIUSDT,SELL,LIMIT,1701062934348,7.0,13.443
UNFIUSDT,SELL,LIMIT,1701062958458,1.0,13.419
UNFIUSDT,SELL,LIMIT,1701062959476,188.4,13.350
UNFIUSDT,SELL,LIMIT,1701063013910,4.4,13.347
UNFIUSDT,SELL,LIMIT,1701063482922,10.0,13.303
UNFIUSDT,SELL,LIMIT,1701063524738,6.2,13.273
UNFIUSDT,SELL,LIMIT,1701063581216,7.2,13.189
UNFIUSDT,SELL,LIMIT,1701063583318,7.1,13.111
