Symbol,Side,Order Type,Time,Quantity,Price
UNFIUSDT,SELL,LIMIT,1701065328346,392.0,13.184
UNFIUSDT,BUY,LIMIT,1701066615744,3.5,14.301
UNFIUSDT,BUY,LIMIT,1701066617184,5.8,14.310
UNFIUSDT,BUY,LIMIT,1701066894483,1.4,14.331
UNFIUSDT,BUY,LIMIT,1701066932251,4.4,14.391
UNFIUSDT,BUY,LIMIT,1701067065816,4.2,14.434
UNFIUSDT,BUY,LIMIT,1701067067360,9.7,14.461
UNFIUSDT,BUY,LIMIT,1701067131207,7.1,14.492
UNFIUSDT,BUY,LIMIT,1701068020904,1.6,14.369
UNFIUSDT,SELL,LIMIT,1701068091301,61.8,13.645
UNFIUSDT,SELL,LIMIT,1701068905690,0.1,13.571
UNFIUSDT,BUY,LIMIT,1701068950303,7.5,14.164
UNFIUSDT,BUY,LIMIT,1701068971296,39.5,14.198
UNFIUSDT,BUY,LIMIT,1701068981628,1.2,14.216
UNFIUSDT,BUY,LIMIT,1701068996709,1.8,14.123
UNFIUSDT,BUY,LIMIT,1701068998143,0.4,14.102
UNFIUSDT,BUY,LIMIT,1701069011146,5.6,14.038
UNFIUSDT,BUY,LIMIT,1701069405065,5.2,14.315
UNFIUSDT,SELL,LIMIT,1701069535194,4.5,13.593
UNFIUSDT,BUY,LIMIT,1701069585747,15.2,14.323
UNFIUSDT,BUY,LIMIT,1701069765414,8.1,14.418
UNFIUSDT,BUY,LIMIT,1701069880487,11.0,14.292
UNFIUSDT,BUY,LIMIT,1701070168862,46.9,14.321
UNFIUSDT,SELL,LIMIT,1701070172533,12.9,13.590
UNFIUSDT,BUY,LIMIT,1701071989988,0.9,14.533
UNFIUSDT,BUY,LIMIT,1701072003224,658.0,14.482
UNFIUSDT,BUY,LIMIT,1701074348288,5.0,14.024
UNFIUSDT,BUY,LIMIT,1701074351024,28.2,14.072
UNFIUSDT,SELL,LIMIT,1701074371140,34.3,13.448
UNFIUSDT,BUY,LIMIT,1701074406782,30.0,14.138
UNFIUSDT,SELL,LIMIT,1701074468490,62.8,13.341
UNFIUSDT,SELL,LIMIT,1701074470104,0.7,13.305
UNFIUSDT,SELL,LIMIT,1701074480776,218.8,13.288
UNFIUSDT,SELL,LIMIT,1701074561611,2.4,13.265
UNFIUSDT,SELL,LIMIT,1701074564813,2.4,13.217
UNFIUSDT,SELL,LIMIT,1701074566418,35.0,13.209
UNFIUSDT,SELL,LIMIT,1701074572113,4.9,13.055
UNFIUSDT,SELL,LIMIT,1701074573298,120.0,13.033
UNFIUSDT,SELL,LIMIT,1701074594129,36.2,12.997
UNFIUSDT,SELL,LIMIT,1701074595246,2.6,12.979
UNFIUSDT,SELL,LIMIT,1701074597180,107.0,12.929
UNFIUSDT,SELL,LIMIT,1701074598223,6.5,12.865
UNFIUSDT,SELL,LIMIT,1701074624159,332.5,12.849
UNFIUSDT,SELL,LIMIT,1701074625319,6.2,12.824
UNFIUSDT,SELL,LIMIT,1701074626342,0.4,12.805
UNFIUSDT,SELL,LIMIT,1701074629008,65.1,12.784
UNFIUSDT,SELL,LIMIT,1701074635156,137.9,12.750
UNFIUSDT,SELL,LIMIT,1701074636714,3.4,12.735
UNFIUSDT,SELL,LIMIT,1701074638337,60.1,12.702
UNFIUSDT,SELL,LIMIT,1701074639367,63.1,12.702
UNFIUSDT,SELL,LIMIT,1701074642221,10.5,12.698
UNFIUSDT,SELL,LIMIT,1701074644157,14.6,12.690
UNFIUSDT,SELL,LIMIT,1701075264099,4.3,12.682
UNFIUSDT,SELL,LIMIT,1701075265365,14.9,12.686
UNFIUSDT,SELL,LIMIT,1701075421587,81.1,12.681
UNFIUSDT,SELL,LIMIT,1701075426253,163.1,12.671
UNFIUSDT,SELL,LIMIT,1701075429128,90.9,12.671
UNFIUSDT,SELL,LIMIT,1701075705090,2.3,12.646
UNFIUSDT,SELL,LIMIT,1701075713489,1.4,12.570
UNFIUSDT,SELL,LIMIT,1701075714640,12.8,12.558
UNFIUSDT,SELL,LIMIT,1701075778111,35.7,12.518
UNFIUSDT,SELL,LIMIT,1701075779203,0.4,12.524
UNFIUSDT,SELL,LIMIT,1701075783083,19.2,12.492
UNFIUSDT,SELL,LIMIT,1701075900776,30.0,12.549
UNFIUSDT,SELL,LIMIT,1701077033255,44.7,12.497
UNFIUSDT,SELL,LIMIT,1701077070229,150.8,12.467
UNFIUSDT,SELL,LIMIT,1701077072333,99.0,12.462
UNFIUSDT,SELL,LIMIT,1701077075354,3.9,12.442
UNFIUSDT,SELL,LIMIT,1701077077648,236.3,12.435
UNFIUSDT,SELL,LIMIT,1701077080080,0.2,12.425
UNFIUSDT,SELL,LIMIT,1701077081177,33.1,12.421
UNFIUSDT,SELL,LIMIT,1701077082719,1.4,12.404
UNFIUSDT,SELL,LIMIT,1701077083734,15.3,12.365
UNFIUSDT,SELL,LIMIT,1701077089830,12.4,12.346
UNFIUSDT,SELL,LIMIT,1701077399082,9.8,12.364
UNFIUSDT,SELL,LIMIT,1701077503419,26.0,12.382
UNFIUSDT,SELL,LIMIT,1701077565284,12.8,12.333
UNFIUSDT,SELL,LIMIT,1701077566765,40.2,12.317
UNFIUSDT,SELL,LIMIT,1701077568272,47.3,12.308
UNFIUSDT,SELL,LIMIT,1701077571048,14.8,12.249
UNFIUSDT,SELL,LIMIT,1701077572121,16.1,12.270
UNFIUSDT,SELL,LIMIT,1701077574218,43.5,12.229
UNFIUSDT,SELL,LIMIT,1701077577259,14.5,12.202
UNFIUSDT,SELL,LIMIT,1701077580307,11.7,12.193
UNFIUSDT,SELL,LIMIT,1701077581394,16.7,12.192
UNFIUSDT,SELL,LIMIT,1701077582444,0.8,12.187
UNFIUSDT,SELL,LIMIT,1701077598412,11.5,12.179
UNFIUSDT,SELL,LIMIT,1701077603096,204.4,12.170
UNFIUSDT,SELL,LIMIT,1701077628177,0.8,12.162
UNFIUSDT,SELL,LIMIT,1701077630170,5.3,12.147
UNFIUSDT,SELL,LIMIT,1701077679238,58.2,12.137
UNFIUSDT,SELL,LIMIT,1701077680424,11.4,12.120
UNFIUSDT,SELL,LIMIT,1701077689149,1.7,12.094
UNFIUSDT,SELL,LIMIT,1701077691717,2.8,12.072
UNFIUSDT,SELL,LIMIT,1701077692749,9.1,12.068
UNFIUSDT,SELL,LIMIT,1701077697822,40.1,12.057
UNFIUSDT,SELL,LIMIT,1701077720161,3.1,12.053
UNFIUSDT,BUY,LIMIT,1701077766524,4.1,12.981
UNFIUSDT,SELL,LIMIT,1701078917294,0.4,12.025
UNFIUSDT,SELL,LIMIT,1701078920045,43.3,12.017
UNFIUSDT,SELL,LIMIT,1701079311068,41.3,11.959
UNFIUSDT,SELL,LIMIT,1701079312077,75.0,11.927
UNFIUSDT,SELL,LIMIT,1701079322149,2.4,11.912
UNFIUSDT,SELL,LIMIT,1701080758230,0.4,12.261
UNFIUSDT,SELL,LIMIT,1701080784445,1.3,12.264
UNFIUSDT,SELL,LIMIT,1701081435118,8.4,12.180
UNFIUSDT,SELL,LIMIT,1701081448765,37.7,12.180
UNFIUSDT,SELL,LIMIT,1701081485257,36.8,12.176
UNFIUSDT,SELL,LIMIT,1701082136755,60.0,12.122
UNFIUSDT,SELL,LIMIT,1701082638757,10.9,12.021
UNFIUSDT,SELL,LIMIT,1701083496404,159.1,11.973
UNFIUSDT,SELL,LIMIT,1701083498289,34.7,11.965
UNFIUSDT,SELL,LIMIT,1701083504275,40.0,11.956
UNFIUSDT,SELL,LIMIT,1701083517008,1.8,11.952
UNFIUSDT,SELL,LIMIT,1701083520131,7.6,11.955
UNFIUSDT,SELL,LIMIT,1701083586189,4.3,11.922
UNFIUSDT,SELL,LIMIT,1701083618264,39.9,11.896
UNFIUSDT,SELL,LIMIT,1701083646599,14.0,11.885
UNFIUSDT,SELL,LIMIT,1701083649131,47.9,11.876
UNFIUSDT,SELL,LIMIT,1701083767119,56.4,11.855
UNFIUSDT,SELL,LIMIT,1701083768179,30.2,11.842
UNFIUSDT,SELL,LIMIT,1701083769205,1.3,11.839
UNFIUSDT,SELL,LIMIT,1701083944496,552.4,11.831
UNFIUSDT,SELL,LIMIT,1701083958146,272.6,11.812
UNFIUSDT,SELL,LIMIT,1701083959164,62.6,11.814
UNFIUSDT,SELL,LIMIT,1701083965393,390.0,11.800
UNFIUSDT,SELL,LIMIT,1701083968230,64.3,11.793
UNFIUSDT,SELL,LIMIT,1701083979751,43.8,11.780
UNFIUSDT,SELL,LIMIT,1701083981707,10.7,11.777
UNFIUSDT,SELL,LIMIT,1701083986465,316.1,11.775
UNFIUSDT,SELL,LIMIT,1701085627079,1.4,11.755
UNFIUSDT,SELL,LIMIT,1701085649063,63.3,11.746
UNFIUSDT,SELL,LIMIT,1701085671271,5.0,11.744
UNFIUSDT,BUY,LIMIT,1701086028420,101.5,12.646
UNFIUSDT,BUY,LIMIT,1701090154818,34.0,12.628
UNFIUSDT,SELL,LIMIT,1701092448637,2.5,12.010
UNFIUSDT,BUY,LIMIT,1701093194532,10.8,12.710
UNFIUSDT,BUY,LIMIT,1701093230833,3.9,12.739
UNFIUSDT,BUY,LIMIT,1701093235498,347.5,12.753
UNFIUSDT,SELL,LIMIT,1701093269196,22.1,12.085
UNFIUSDT,BUY,LIMIT,1701093476312,0.9,12.628
UNFIUSDT,SELL,LIMIT,1701095529405,121.3,12.124
UNFIUSDT,SELL,LIMIT,1701095594233,5.0,12.029
UNFIUSDT,SELL,LIMIT,1701097102432,26.6,12.075
UNFIUSDT,BUY,LIMIT,1701097452450,82.1,12.798
UNFIUSDT,BUY,LIMIT,1701097454554,124.1,12.812
UNFIUSDT,BUY,LIMIT,1701097743329,47.7,12.857
UNFIUSDT,BUY,LIMIT,1701098226741,13.2,12.876
UNFIUSDT,BUY,LIMIT,1701098258049,69.7,12.905
UNFIUSDT,BUY,LIMIT,1701098259752,3.8,12.913
UNFIUSDT,BUY,LIMIT,1701098260992,32.5,12.920
UNFIUSDT,BUY,LIMIT,1701098290287,1.5,12.933
UNFIUSDT,BUY,LIMIT,1701098292087,18.8,12.947
UNFIUSDT,BUY,LIMIT,1701098312057,1.5,12.957
UNFIUSDT,BUY,LIMIT,1701098325537,16.2,12.966
UNFIUSDT,BUY,LIMIT,1701098329193,4.7,12.990
UNFIUSDT,BUY,LIMIT,1701098352613,73.7,13.015
UNFIUSDT,BUY,LIMIT,1701098353975,4.0,13.017
UNFIUSDT,BUY,LIMIT,1701098525686,32.4,13.034
UNFIUSDT,BUY,LIMIT,1701099110702,100.0,13.130
UNFIUSDT,BUY,LIMIT,1701099467725,152.6,13.165
UNFIUSDT,BUY,LIMIT,1701099476695,8.0,13.173
UNFIUSDT,SELL,LIMIT,1701100183461,2.9,14.818
UNFIUSDT,SELL,LIMIT,1701100189063,2.4,12.448
UNFIUSDT,SELL,LIMIT,1701100530990,7.7,12.554
UNFIUSDT,BUY,LIMIT,1701100534860,21.0,13.088
UNFIUSDT,SELL,LIMIT,1701100570087,0.3,13.063
UNFIUSDT,SELL,LIMIT,1701100571216,100.0,12.445
UNFIUSDT,SELL,LIMIT,1701100641153,89.4,12.925
UNFIUSDT,SELL,LIMIT,1701100643987,149.4,12.355
UNFIUSDT,BUY,LIMIT,1701100999960,2.8,12.393
UNFIUSDT,BUY,LIMIT,1701101007047,6.5,12.843
UNFIUSDT,BUY,LIMIT,1701101011496,622.0,13.029
UNFIUSDT,BUY,LIMIT,1701101061765,2.8,13.014
UNFIUSDT,SELL,LIMIT,1701101243956,0.6,12.743
UNFIUSDT,SELL,LIMIT,1701101822865,83.3,12.387
UNFIUSDT,SELL,LIMIT,1701102077461,1.4,12.433
UNFIUSDT,SELL,LIMIT,1701104311175,6.9,12.205
UNFIUSDT,SELL,LIMIT,1701104384707,176.0,12.113
UNFIUSDT,SELL,LIMIT,1701104386155,21.1,12.110
UNFIUSDT,BUY,LIMIT,1701104913160,0.9,12.850
UNFIUSDT,SELL,LIMIT,1701107146596,10.6,12.095
UNFIUSDT,SELL,LIMIT,1701107205122,3.8,12.090
UNFIUSDT,SELL,LIMIT,1701107411546,1.8,12.040
UNFIUSDT,SELL,LIMIT,1701111610911,1.7,12.018
UNFIUSDT,SELL,LIMIT,1701111612900,14.0,12.014
UNFIUSDT,SELL,LIMIT,1701111977487,30.0,12.040
UNFIUSDT,SELL,LIMIT,1701114163336,9.2,12.202
UNFIUSDT,SELL,LIMIT,1701114228436,16.4,12.058
UNFIUSDT,SELL,LIMIT,1701114240138,1.4,12.035
UNFIUSDT,SELL,LIMIT,1701114278952,4.7,12.040
UNFIUSDT,SELL,LIMIT,1701114368763,0.8,12.048
UNFIUSDT,SELL,LIMIT,1701114458726,81.0,12.056
UNFIUSDT,SELL,LIMIT,1701114474178,2.1,12.026
UNFIUSDT,BUY,LIMIT,1701114493581,1.6,12.598
UNFIUSDT,SELL,LIMIT,1701114494905,4.2,11.984
UNFIUSDT,SELL,LIMIT,1701114498706,1.7,11.981
UNFIUSDT,SELL,LIMIT,1701114569323,0.9,11.991
UNFIUSDT,BUY,LIMIT,1701116804099,18.1,12.684
UNFIUSDT,SELL,LIMIT,1701116830192,9.2,12.051
UNFIUSDT,BUY,LIMIT,1701117197622,23.7,12.664
UNFIUSDT,BUY,LIMIT,1701121738757,0.1,12.698
UNFIUSDT,SELL,LIMIT,1701121839062,70.5,12.069
UNFIUSDT,BUY,LIMIT,1701123160285,8.1,12.643
UNFIUSDT,SELL,LIMIT,1701130551446,17.5,11.906
UNFIUSDT,SELL,LIMIT,1701133394669,6.1,11.878
UNFIUSDT,SELL,LIMIT,1701133395790,0.6,11.870
UNFIUSDT,SELL,LIMIT,1701133607921,130.3,11.796
UNFIUSDT,SELL,LIMIT,1701133609059,80.1,11.773
UNFIUSDT,SELL,LIMIT,1701133653907,1.6,11.770
UNFIUSDT,SELL,LIMIT,1701133655303,8.6,11.767
UNFIUSDT,SELL,LIMIT,1701133657120,290.0,11.767
UNFIUSDT,SELL,LIMIT,1701133658428,27.9,11.757
UNFIUSDT,SELL,LIMIT,1701133659593,0.9,11.751
UNFIUSDT,SELL,LIMIT,1701133660626,1.9,11.734
UNFIUSDT,SELL,LIMIT,1701133662405,3.7,11.741
UNFIUSDT,SELL,LIMIT,1701133663637,11.5,11.732
UNFIUSDT,SELL,LIMIT,1701133665103,32.7,11.728
UNFIUSDT,SELL,LIMIT,1701133671913,105.1,11.721
UNFIUSDT,SELL,LIMIT,1701133673253,90.0,11.720
UNFIUSDT,SELL,LIMIT,1701133674305,29.6,11.715
UNFIUSDT,SELL,LIMIT,1701133676181,72.0,11.715
UNFIUSDT,SELL,LIMIT,1701133677204,33.1,11.708
UNFIUSDT,SELL,LIMIT,1701133679694,6.3,11.704
UNFIUSDT,SELL,LIMIT,1701133681262,8.7,11.662
UNFIUSDT,SELL,LIMIT,1701133696621,21.3,11.625
UNFIUSDT,SELL,LIMIT,1701133698256,19.0,11.574
UNFIUSDT,SELL,LIMIT,1701133701236,13.9,11.569
UNFIUSDT,SELL,LIMIT,1701133704897,6.0,11.558
UNFIUSDT,SELL,LIMIT,1701133736165,53.4,11.554
UNFIUSDT,SELL,LIMIT,1701133738193,67.1,11.543
UNFIUSDT,SELL,LIMIT,1701133739244,116.4,11.543
UNFIUSDT,SELL,LIMIT,1701133740274,74.5,11.540
UNFIUSDT,SELL,LIMIT,1701133780624,3.4,11.534
UNFIUSDT,SELL,LIMIT,1701133782407,3.3,11.533
UNFIUSDT,SELL,LIMIT,1701133784104,135.0,11.509
UNFIUSDT,SELL,LIMIT,1701133788574,20.8,11.509
UNFIUSDT,SELL,LIMIT,1701133790271,24.9,11.502
UNFIUSDT,SELL,LIMIT,1701133791818,39.1,11.501
UNFIUSDT,SELL,LIMIT,1701133793531,37.8,11.496
UNFIUSDT,SELL,LIMIT,1701133794876,6.2,11.476
UNFIUSDT,SELL,LIMIT,1701133801195,30.5,11.472
UNFIUSDT,SELL,LIMIT,1701133802224,42.6,11.455
UNFIUSDT,SELL,LIMIT,1701133804241,325.9,11.439
UNFIUSDT,SELL,LIMIT,1701133805635,41.3,11.431
UNFIUSDT,SELL,LIMIT,1701133816128,2.0,11.421
UNFIUSDT,SELL,LIMIT,1701133821376,43.8,11.414
UNFIUSDT,SELL,LIMIT,1701133824053,4.5,11.410
UNFIUSDT,SELL,LIMIT,1701133825221,910.4,11.401
UNFIUSDT,SELL,LIMIT,1701133826477,3.7,11.391
UNFIUSDT,SELL,LIMIT,1701133828447,7.8,11.382
UNFIUSDT,SELL,LIMIT,1701133835252,4.7,11.374
UNFIUSDT,SELL,LIMIT,1701133839516,46.1,11.345
UNFIUSDT,SELL,LIMIT,1701133843145,237.0,11.325
UNFIUSDT,SELL,LIMIT,1701133844151,77.7,11.329
UNFIUSDT,SELL,LIMIT,1701133846798,39.3,11.321
UNFIUSDT,BUY,LIMIT,1701135141163,12.8,11.956
UNFIUSDT,SELL,LIMIT,1701140425146,9.4,11.291
UNFIUSDT,SELL,LIMIT,1701140426289,16.0,11.287
UNFIUSDT,SELL,LIMIT,1701140444502,0.6,11.283
UNFIUSDT,SELL,LIMIT,1701140448042,3.5,11.255
UNFIUSDT,SELL,LIMIT,1701140449283,31.6,11.266
UNFIUSDT,SELL,LIMIT,1701140451588,53.8,11.254
UNFIUSDT,SELL,LIMIT,1701140452688,3.2,11.246
UNFIUSDT,SELL,LIMIT,1701140514412,9.6,11.240
UNFIUSDT,SELL,LIMIT,1701140631351,3.8,11.234
UNFIUSDT,SELL,LIMIT,1701140634812,2.6,11.231
UNFIUSDT,SELL,LIMIT,1701144378624,149.2,11.296
UNFIUSDT,SELL,LIMIT,1701145130818,11.8,11.202
UNFIUSDT,SELL,LIMIT,1701145132326,5.2,11.192
UNFIUSDT,SELL,LIMIT,1701145136861,14.2,11.187
UNFIUSDT,SELL,LIMIT,1701146062778,1.9,11.199
UNFIUSDT,SELL,LIMIT,1701146066104,13.9,11.196
UNFIUSDT,SELL,LIMIT,1701146177416,31.9,11.174
UNFIUSDT,SELL,LIMIT,1701146178631,16.5,11.170
UNFIUSDT,SELL,LIMIT,1701146197106,6.0,11.161
UNFIUSDT,SELL,LIMIT,1701146200266,3.9,11.155
UNFIUSDT,SELL,LIMIT,1701146206431,1.8,11.148
UNFIUSDT,SELL,LIMIT,1701146541089,0.4,11.230
UNFIUSDT,BUY,LIMIT,1701146701220,25.7,12.080
UNFIUSDT,BUY,LIMIT,1701146702263,1.9,12.054
UNFIUSDT,BUY,LIMIT,1701146703362,392.6,12.088
UNFIUSDT,SELL,LIMIT,1701147891408,0.5,11.451
UNFIUSDT,BUY,LIMIT,1701148292140,1.9,12.091
UNFIUSDT,BUY,LIMIT,1701148293176,0.8,12.104
UNFIUSDT,BUY,LIMIT,1701148294574,3.3,12.143
UNFIUSDT,BUY,LIMIT,1701148654669,16.7,12.097
UNFIUSDT,BUY,LIMIT,1701149991032,10.5,12.177
UNFIUSDT,BUY,LIMIT,1701153575308,9.1,11.392
UNFIUSDT,SELL,LIMIT,1701155421286,2.0,11.401
UNFIUSDT,SELL,LIMIT,1701155668603,97.6,11.396
UNFIUSDT,SELL,LIMIT,1701156559926,42.8,11.398
UNFIUSDT,SELL,LIMIT,1701156874928,3.1,11.360
UNFIUSDT,BUY,LIMIT,1701160546715,0.5,12.204
UNFIUSDT,BUY,LIMIT,1701160548544,5.0,12.216
UNFIUSDT,BUY,LIMIT,1701160655230,4.8,12.235
UNFIUSDT,BUY,LIMIT,1701160688081,2.8,12.253
UNFIUSDT,BUY,LIMIT,1701160690004,1.7,12.257
UNFIUSDT,BUY,LIMIT,1701160691645,3.6,12.265
UNFIUSDT,BUY,LIMIT,1701160692999,1.9,12.270
UNFIUSDT,BUY,LIMIT,1701160805087,1.8,12.275
UNFIUSDT,BUY,LIMIT,1701160807105,0.6,12.283
UNFIUSDT,BUY,LIMIT,1701160813108,234.8,12.292
UNFIUSDT,BUY,LIMIT,1701160814532,4.1,12.295
UNFIUSDT,BUY,LIMIT,1701160821296,110.9,12.298
UNFIUSDT,BUY,LIMIT,1701160822714,54.0,12.340
UNFIUSDT,BUY,LIMIT,1701160823801,1.9,12.343
UNFIUSDT,BUY,LIMIT,1701161270567,77.6,12.352
UNFIUSDT,BUY,LIMIT,1701161271750,3.3,12.356
UNFIUSDT,BUY,LIMIT,1701161298615,2.7,12.366
UNFIUSDT,BUY,LIMIT,1701161300137,12.5,12.371
UNFIUSDT,BUY,LIMIT,1701161304073,8.5,12.382
UNFIUSDT,BUY,LIMIT,1701161310169,21.1,12.387
UNFIUSDT,BUY,LIMIT,1701161315059,1.9,12.392
UNFIUSDT,BUY,LIMIT,1701161870271,1.3,12.395
UNFIUSDT,BUY,LIMIT,1701161871336,1.2,12.396
UNFIUSDT,BUY,LIMIT,1701161892110,306.9,12.466
UNFIUSDT,BUY,LIMIT,1701161940540,21.5,12.492
UNFIUSDT,BUY,LIMIT,1701169413093,5.7,12.511
UNFIUSDT,BUY,LIMIT,1701169416326,66.8,12.524
UNFIUSDT,BUY,LIMIT,1701169419664,3.6,12.532
UNFIUSDT,SELL,LIMIT,1701171947498,12.5,11.785
UNFIUSDT,BUY,LIMIT,1701175352161,24.1,12.455
UNFIUSDT,BUY,LIMIT,1701175353210,59.0,12.468
UNFIUSDT,BUY,LIMIT,1701175356636,1.7,12.500
UNFIUSDT,BUY,LIMIT,1701175379140,60.7,12.534
UNFIUSDT,BUY,LIMIT,1701175381509,2.7,12.543
UNFIUSDT,BUY,LIMIT,1701175982216,1.0,12.562
UNFIUSDT,BUY,LIMIT,1701175983679,10.0,12.587
UNFIUSDT,BUY,LIMIT,1701175998167,13.0,12.640
UNFIUSDT,BUY,LIMIT,1701175999492,9.3,12.641
UNFIUSDT,BUY,LIMIT,1701176000888,1.9,12.655
UNFIUSDT,BUY,LIMIT,1701176002068,45.5,12.680
UNFIUSDT,BUY,LIMIT,1701176003179,55.4,12.691
UNFIUSDT,BUY,LIMIT,1701176024179,139.1,12.707
UNFIUSDT,BUY,LIMIT,1701176045515,1.4,12.711
UNFIUSDT,BUY,LIMIT,1701176147145,83.4,12.763
UNFIUSDT,BUY,LIMIT,1701176148159,18.2,12.768
UNFIUSDT,BUY,LIMIT,1701176149690,6.7,12.779
UNFIUSDT,BUY,LIMIT,1701176151199,1.9,12.785
UNFIUSDT,BUY,LIMIT,1701176153698,40.9,12.789
UNFIUSDT,BUY,LIMIT,1701181012591,1.7,12.737
UNFIUSDT,BUY,LIMIT,1701181017662,5.6,12.763
UNFIUSDT,BUY,LIMIT,1701181037178,55.7,12.804
UNFIUSDT,BUY,LIMIT,1701181038581,2.5,12.826
UNFIUSDT,BUY,LIMIT,1701181040027,128.1,12.836
UNFIUSDT,BUY,LIMIT,1701181045834,4.4,12.873
UNFIUSDT,BUY,LIMIT,1701181047068,42.8,12.887
UNFIUSDT,BUY,LIMIT,1701181049120,1.4,12.931
UNFIUSDT,BUY,LIMIT,1701181050378,164.2,12.912
UNFIUSDT,SELL,LIMIT,1701183836501,7.9,11.944
UNFIUSDT,BUY,LIMIT,1701186198089,2214.9,12.710
UNFIUSDT,BUY,LIMIT,1701186203348,1.2,12.701
UNFIUSDT,BUY,LIMIT,1701186955198,1.3,12.714
UNFIUSDT,BUY,LIMIT,1701188514952,3.8,12.591
UNFIUSDT,SELL,LIMIT,1701189841093,0.1,12.019
UNFIUSDT,BUY,LIMIT,1701189848199,4.2,12.636
UNFIUSDT,BUY,LIMIT,1701190029905,39.5,12.636
UNFIUSDT,BUY,LIMIT,1701190143172,5.5,10.530
UNFIUSDT,BUY,LIMIT,1701190354276,2.0,12.636
UNFIUSDT,BUY,LIMIT,1701192140649,8.1,12.770
UNFIUSDT,SELL,LIMIT,1701192143813,11.0,12.156
UNFIUSDT,BUY,LIMIT,1701197632599,17.4,12.907
UNFIUSDT,BUY,LIMIT,1701197642353,1.7,12.944
UNFIUSDT,BUY,LIMIT,1701197661160,3.3,12.955
UNFIUSDT,BUY,LIMIT,1701197664141,139.6,12.970
UNFIUSDT,BUY,LIMIT,1701197679261,133.9,12.982
UNFIUSDT,BUY,LIMIT,1701197685964,2.5,12.989
UNFIUSDT,SELL,LIMIT,1701197848116,74.4,12.313
UNFIUSDT,SELL,LIMIT,1701197851185,0.5,13.369
UNFIUSDT,SELL,LIMIT,1701197853725,18.9,13.236
UNFIUSDT,SELL,LIMIT,1701197860436,232.5,12.517
UNFIUSDT,BUY,LIMIT,1701197863062,76.0,12.921
UNFIUSDT,BUY,LIMIT,1701198889929,18.7,13.008
UNFIUSDT,BUY,LIMIT,1701199376575,12.0,13.040
UNFIUSDT,BUY,LIMIT,1701200474855,35.1,13.058
UNFIUSDT,BUY,LIMIT,1701200510287,7.2,13.070
UNFIUSDT,BUY,LIMIT,1701200515290,34.4,13.077
UNFIUSDT,BUY,LIMIT,1701200742619,6.8,13.089
UNFIUSDT,BUY,LIMIT,1701200808704,24.8,13.111
UNFIUSDT,BUY,LIMIT,1701200812179,0.8,13.121
UNFIUSDT,BUY,LIMIT,1701200819805,1.6,13.127
UNFIUSDT,BUY,LIMIT,1701200827617,1.3,13.132
UNFIUSDT,BUY,LIMIT,1701201640491,0.5,12.947
UNFIUSDT,BUY,LIMIT,1701201748429,163.9,13.020
UNFIUSDT,BUY,LIMIT,1701204404684,13.6,13.177
UNFIUSDT,BUY,LIMIT,1701204406722,21.1,13.180
UNFIUSDT,BUY,LIMIT,1701204447376,2.2,13.189
UNFIUSDT,BUY,LIMIT,1701204457635,24.9,13.197
UNFIUSDT,BUY,LIMIT,1701204464061,0.7,13.223
UNFIUSDT,BUY,LIMIT,1701204734273,22.2,13.243
UNFIUSDT,BUY,LIMIT,1701204737040,6.4,13.246
UNFIUSDT,BUY,LIMIT,1701204906340,5.5,13.279
UNFIUSDT,BUY,LIMIT,1701204925676,7.0,13.286
UNFIUSDT,BUY,LIMIT,1701204945546,21.5,13.291
UNFIUSDT,BUY,LIMIT,1701204952634,1.5,13.302
UNFIUSDT,BUY,LIMIT,1701204960452,2.2,13.309
UNFIUSDT,BUY,LIMIT,1701205049003,4.9,13.315
UNFIUSDT,BUY,LIMIT,1701205107047,3.8,13.325
UNFIUSDT,BUY,LIMIT,1701205108467,105.1,13.334
UNFIUSDT,BUY,LIMIT,1701205111224,31.8,13.345
UNFIUSDT,BUY,LIMIT,1701205115230,22.7,13.356
UNFIUSDT,BUY,LIMIT,1701205127778,0.3,13.391
UNFIUSDT,BUY,LIMIT,1701205130374,2.6,13.397
UNFIUSDT,BUY,LIMIT,1701205131945,156.7,13.407
UNFIUSDT,BUY,LIMIT,1701205255594,0.8,13.437
UNFIUSDT,BUY,LIMIT,1701205409114,4.7,13.458
UNFIUSDT,BUY,LIMIT,1701205467982,155.2,13.471
UNFIUSDT,BUY,LIMIT,1701205478257,45.5,13.489
UNFIUSDT,BUY,LIMIT,1701205486812,45.9,13.517
UNFIUSDT,BUY,LIMIT,1701205647282,216.3,13.553
UNFIUSDT,BUY,LIMIT,1701205649291,1.7,13.559
UNFIUSDT,BUY,LIMIT,1701205664770,8.0,13.565
UNFIUSDT,BUY,LIMIT,1701205666139,5.7,13.566
UNFIUSDT,BUY,LIMIT,1701205667218,76.5,13.561
UNFIUSDT,BUY,LIMIT,1701205970392,2.7,13.592
UNFIUSDT,BUY,LIMIT,1701205976491,37.8,13.607
UNFIUSDT,BUY,LIMIT,1701206353300,34.8,13.621
UNFIUSDT,BUY,LIMIT,1701206358434,2.9,13.626
UNFIUSDT,BUY,LIMIT,1701206366181,0.5,13.634
UNFIUSDT,BUY,LIMIT,1701206426336,1.5,13.663
UNFIUSDT,BUY,LIMIT,1701206428101,14.2,13.672
UNFIUSDT,SELL,LIMIT,1701211976946,13.3,12.547
UNFIUSDT,SELL,LIMIT,1701213689161,26.2,12.474
UNFIUSDT,SELL,LIMIT,1701213694748,6.4,12.419
UNFIUSDT,SELL,LIMIT,1701213715401,1.7,12.368
UNFIUSDT,SELL,LIMIT,1701213716454,85.7,12.354
UNFIUSDT,SELL,LIMIT,1701213717745,6.3,12.346
UNFIUSDT,BUY,LIMIT,1701218028421,0.8,13.167
UNFIUSDT,SELL,LIMIT,1701218914591,69.7,12.483
UNFIUSDT,BUY,LIMIT,1701219203579,109.2,13.021
UNFIUSDT,BUY,LIMIT,1701219640446,32.5,12.953
UNFIUSDT,SELL,LIMIT,1701220167126,1.6,12.294
UNFIUSDT,SELL,LIMIT,1701220169494,16.4,12.263
UNFIUSDT,SELL,LIMIT,1701229060331,6.6,12.260
UNFIUSDT,SELL,LIMIT,1701240361840,281.8,12.186
UNFIUSDT,SELL,LIMIT,1701240394142,4.7,12.148
UNFIUSDT,SELL,LIMIT,1701240501190,12.8,12.132
UNFIUSDT,SELL,LIMIT,1701240539531,40.4,12.116
UNFIUSDT,BUY,LIMIT,1701243947949,5.5,12.766
UNFIUSDT,BUY,LIMIT,1701247359925,3.4,12.817
UNFIUSDT,BUY,LIMIT,1701248270460,161.2,12.710
UNFIUSDT,SELL,LIMIT,1701249750160,7.8,12.096
UNFIUSDT,SELL,LIMIT,1701249764447,23.3,12.079
UNFIUSDT,SELL,LIMIT,1701250281571,148.8,11.999
UNFIUSDT,SELL,LIMIT,1701250589706,0.7,11.987
UNFIUSDT,SELL,LIMIT,1701250921614,1.5,11.873
UNFIUSDT,SELL,LIMIT,1701250922701,13.1,11.873
UNFIUSDT,SELL,LIMIT,1701250924019,0.7,11.869
UNFIUSDT,SELL,LIMIT,1701250929061,1.2,11.865
UNFIUSDT,SELL,LIMIT,1701250930224,0.4,11.862
UNFIUSDT,SELL,LIMIT,1701250933190,0.4,11.853
UNFIUSDT,SELL,LIMIT,1701251410230,45.5,11.909
UNFIUSDT,SELL,LIMIT,1701252048874,1.4,11.795
UNFIUSDT,SELL,LIMIT,1701252071726,0.5,12.244
UNFIUSDT,SELL,LIMIT,1701253171084,1.0,11.776
UNFIUSDT,SELL,LIMIT,1701253318461,1.0,11.750
UNFIUSDT,SELL,LIMIT,1701253324912,68.6,11.745
UNFIUSDT,SELL,LIMIT,1701253512087,17.0,11.720
UNFIUSDT,SELL,LIMIT,1701253513133,2.2,11.728
UNFIUSDT,SELL,LIMIT,1701253514253,9.5,11.708
