Symbol,Side,Order Type,Time,Quantity,Price
UNFIUSDT,BUY,LIMIT,1700845597385,50.7,12.850
UNFIUSDT,BUY,LIMIT,1700848691734,100.0,12.818
UNFIUSDT,BUY,LIMIT,1700850962837,7.6,12.935
UNFIUSDT,SELL,LIMIT,1700852908056,0.5,14.500
UNFIUSDT,BUY,LIMIT,1700853065692,642.8,12.961
UNFIUSDT,BUY,LIMIT,1700859044866,3.7,12.947
UNFIUSDT,BUY,LIMIT,1700859046941,17.7,12.932
UNFIUSDT,BUY,LIMIT,1700860301931,5.9,12.874
UNFIUSDT,BUY,LIMIT,1700862590991,8.8,12.948
UNFIUSDT,BUY,LIMIT,1700866087033,8.5,12.870
UNFIUSDT,SELL,LIMIT,1700867373271,50.0,12.148
UNFIUSDT,SELL,LIMIT,1700870086747,5.9,12.012
UNFIUSDT,BUY,LIMIT,1700876291981,44.3,12.796
UNFIUSDT,SELL,LIMIT,1700876824146,0.2,12.132
UNFIUSDT,BUY,LIMIT,1700880428555,8.6,12.824
UNFIUSDT,SELL,LIMIT,1700882046220,47.5,12.000
UNFIUSDT,SELL,LIMIT,1700882051270,14.9,11.967
UNFIUSDT,BUY,LIMIT,1700883954164,0.9,12.709
UNFIUSDT,BUY,LIMIT,1700885777971,112.7,12.742
UNFIUSDT,BUY,LIMIT,1700886029291,5.1,12.748
UNFIUSDT,SELL,LIMIT,1700889496276,83.2,11.935
UNFIUSDT,SELL,LIMIT,1700889505739,4.6,11.935
UNFIUSDT,SELL,LIMIT,1700889613051,12.4,11.922
UNFIUSDT,SELL,LIMIT,1700891451981,846.3,11.911
UNFIUSDT,SELL,LIMIT,1700893457320,73.8,11.898
UNFIUSDT,SELL,LIMIT,1700893458460,37.5,11.891
UNFIUSDT,SELL,LIMIT,1700893460239,8.4,11.877
UNFIUSDT,SELL,LIMIT,1700893494019,2.0,11.841
UNFIUSDT,SELL,LIMIT,1700893567052,5.2,11.828
UNFIUSDT,SELL,LIMIT,1700893587271,1.6,11.815
UNFIUSDT,SELL,LIMIT,1700893702340,30.1,11.803
UNFIUSDT,SELL,LIMIT,1700893707860,25.0,11.792
UNFIUSDT,SELL,LIMIT,1700895393097,25.4,11.781
UNFIUSDT,SELL,LIMIT,1700895594543,11.6,11.774
UNFIUSDT,SELL,LIMIT,1700895598160,4.6,11.766
UNFIUSDT,SELL,LIMIT,1700895661483,4.6,11.755
UNFIUSDT,BUY,LIMIT,1700896660407,0.8,12.451
UNFIUSDT,BUY,LIMIT,1700897128913,4.8,12.416
UNFIUSDT,SELL,LIMIT,1700897959050,19.5,11.844
UNFIUSDT,SELL,LIMIT,1700906967208,13.1,11.854
UNFIUSDT,SELL,LIMIT,1700907904419,112.9,11.747
UNFIUSDT,SELL,LIMIT,1700907957082,3.3,11.739
UNFIUSDT,BUY,LIMIT,1700908753050,3.4,12.660
UNFIUSDT,BUY,LIMIT,1700908754642,25.1,12.675
UNFIUSDT,BUY,LIMIT,1700908760148,10.0,12.700
UNFIUSDT,BUY,LIMIT,1700908762140,47.0,12.716
UNFIUSDT,BUY,LIMIT,1700908772118,812.0,12.762
UNFIUSDT,BUY,LIMIT,1700908773280,49.1,12.752
UNFIUSDT,BUY,LIMIT,1700908787109,13.9,12.782
UNFIUSDT,BUY,LIMIT,1700908789795,1.0,12.785
UNFIUSDT,BUY,LIMIT,1700908795336,19.3,12.801
UNFIUSDT,BUY,LIMIT,1700908816202,163.6,12.823
UNFIUSDT,BUY,LIMIT,1700908821364,2.4,12.849
UNFIUSDT,BUY,LIMIT,1700908831045,7.3,12.867
UNFIUSDT,BUY,LIMIT,1700908845044,23.1,12.878
UNFIUSDT,BUY,LIMIT,1700908863918,250.0,12.893
UNFIUSDT,BUY,LIMIT,1700908865593,84.6,12.897
UNFIUSDT,BUY,LIMIT,1700908867232,109.8,12.907
UNFIUSDT,BUY,LIMIT,1700908868609,142.0,12.941
UNFIUSDT,BUY,LIMIT,1700908884205,20.0,12.986
UNFIUSDT,BUY,LIMIT,1700908933666,0.5,13.005
UNFIUSDT,BUY,LIMIT,1700908986152,0.2,13.058
UNFIUSDT,BUY,LIMIT,1700908987170,3.2,13.049
UNFIUSDT,BUY,LIMIT,1700909208165,10.5,13.106
UNFIUSDT,BUY,LIMIT,1700909230150,7.6,13.123
UNFIUSDT,BUY,LIMIT,1700909231222,174.6,13.122
UNFIUSDT,BUY,LIMIT,1700909232256,79.4,13.158
UNFIUSDT,BUY,LIMIT,1700911031313,34.6,13.178
UNFIUSDT,BUY,LIMIT,1700911082545,5.5,13.192
UNFIUSDT,BUY,LIMIT,1700911116453,171.6,13.144
UNFIUSDT,BUY,LIMIT,1700911179486,0.6,13.207
UNFIUSDT,BUY,LIMIT,1700911204194,63.5,13.220
UNFIUSDT,BUY,LIMIT,1700911205273,0.5,13.217
UNFIUSDT,BUY,LIMIT,1700914403433,0.7,13.228
UNFIUSDT,BUY,LIMIT,1700914406816,100.9,13.233
UNFIUSDT,BUY,LIMIT,1700914411182,74.5,13.241
UNFIUSDT,BUY,LIMIT,1700914412972,6.7,13.243
UNFIUSDT,BUY,LIMIT,1700914457059,1223.4,13.256
UNFIUSDT,BUY,LIMIT,1700914462361,23.2,13.256
UNFIUSDT,BUY,LIMIT,1700914514102,9.3,13.276
UNFIUSDT,BUY,LIMIT,1700914515644,0.9,13.284
UNFIUSDT,BUY,LIMIT,1700914517961,0.6,13.290
UNFIUSDT,BUY,LIMIT,1700914546340,3.7,13.291
UNFIUSDT,BUY,LIMIT,1700914547540,2.0,13.293
UNFIUSDT,BUY,LIMIT,1700914553843,0.2,13.296
UNFIUSDT,BUY,LIMIT,1700916517190,3.5,13.298
UNFIUSDT,BUY,LIMIT,1700916573099,16.3,13.300
UNFIUSDT,BUY,LIMIT,1700916574327,31.6,13.302
UNFIUSDT,BUY,LIMIT,1700916575542,7.2,13.306
UNFIUSDT,BUY,LIMIT,1700917194630,1.6,13.315
UNFIUSDT,BUY,LIMIT,1700917233334,41.5,13.319
UNFIUSDT,BUY,LIMIT,1700917597466,177.0,13.258
UNFIUSDT,BUY,LIMIT,1700918160642,39.4,13.322
UNFIUSDT,BUY,LIMIT,1700918164330,6.3,13.321
UNFIUSDT,BUY,LIMIT,1700918240178,1.2,13.330
UNFIUSDT,BUY,LIMIT,1700918241304,4.4,13.348
UNFIUSDT,BUY,LIMIT,1700918242306,74.2,13.340
UNFIUSDT,BUY,LIMIT,1700919895578,1.1,13.241
UNFIUSDT,SELL,LIMIT,1700921226087,50.4,12.406
UNFIUSDT,SELL,LIMIT,1700921462031,76.8,12.360
UNFIUSDT,SELL,LIMIT,1700921498384,145.5,12.351
UNFIUSDT,SELL,LIMIT,1700921722246,41.4,12.335
UNFIUSDT,SELL,LIMIT,1700921723322,29.2,12.335
UNFIUSDT,SELL,LIMIT,1700922015101,2.9,12.275
UNFIUSDT,SELL,LIMIT,1700922016248,24.1,12.253
UNFIUSDT,SELL,LIMIT,1700922017292,62.2,12.254
UNFIUSDT,BUY,LIMIT,1700923647074,385.0,13.199
UNFIUSDT,BUY,LIMIT,1700923868806,0.4,13.220
UNFIUSDT,BUY,LIMIT,1700923872823,11.3,13.262
UNFIUSDT,BUY,LIMIT,1700923887112,33.0,13.289
UNFIUSDT,BUY,LIMIT,1700923888136,4.6,13.287
UNFIUSDT,BUY,LIMIT,1700923893225,0.8,13.333
UNFIUSDT,BUY,LIMIT,1700923914088,18.3,13.360
UNFIUSDT,BUY,LIMIT,1700923931398,45.3,13.408
UNFIUSDT,BUY,LIMIT,1700923933201,228.8,13.434
UNFIUSDT,BUY,LIMIT,1700923934239,162.9,13.435
UNFIUSDT,BUY,LIMIT,1700923935993,15.6,13.450
UNFIUSDT,BUY,LIMIT,1700928475763,6.5,13.454
UNFIUSDT,BUY,LIMIT,1700928695517,15.5,13.459
UNFIUSDT,BUY,LIMIT,1700928702997,3.5,13.466
UNFIUSDT,BUY,LIMIT,1700928709872,0.5,13.473
UNFIUSDT,BUY,LIMIT,1700928723522,20.5,13.475
UNFIUSDT,BUY,LIMIT,1700928726259,18.0,13.481
UNFIUSDT,BUY,LIMIT,1700930062440,1.9,13.486
UNFIUSDT,BUY,LIMIT,1700930527070,22.5,13.492
UNFIUSDT,BUY,LIMIT,1700930550924,9.6,13.499
UNFIUSDT,BUY,LIMIT,1700930578401,0.7,13.500
UNFIUSDT,BUY,LIMIT,1700930597125,10.0,13.505
UNFIUSDT,BUY,LIMIT,1700931409654,19.4,13.508
UNFIUSDT,BUY,LIMIT,1700931577743,10.3,13.511
UNFIUSDT,BUY,LIMIT,1700931582233,7.5,13.512
UNFIUSDT,BUY,LIMIT,1700931594258,909.4,13.516
UNFIUSDT,BUY,LIMIT,1700931615617,103.1,13.519
UNFIUSDT,BUY,LIMIT,1700931730284,0.9,13.522
UNFIUSDT,BUY,LIMIT,1700931731322,92.5,13.522
UNFIUSDT,BUY,LIMIT,1700931747774,17.3,13.530
UNFIUSDT,BUY,LIMIT,1700931842965,7.7,13.531
UNFIUSDT,BUY,LIMIT,1700932858402,122.5,13.412
UNFIUSDT,BUY,LIMIT,1700933081972,16.3,13.411
UNFIUSDT,SELL,LIMIT,1700937994814,0.7,12.613
