Symbol,Side,Order Type,Time,Quantity,Price
UNIUSDT,BUY,LIMIT,1701065898974,128,6.1762
UNIUSDT,SELL,LIMIT,1701067320297,233,6.0259
UNIUSDT,SELL,LIMIT,1701067378101,28,6.0153
UNIUSDT,SELL,LIMIT,1701067387403,65,6.0114
UNIUSDT,SELL,LIMIT,1701067406339,1,6.0100
UNIUSDT,BUY,LIMIT,1701067749946,6,6.0766
UNIUSDT,SELL,LIMIT,1701067814786,1589,6.0068
UNIUSDT,SELL,LIMIT,1701067840152,38,6.0014
UNIUSDT,SELL,LIMIT,1701067846270,1,5.9979
UNIUSDT,SELL,LIMIT,1701067847406,24,5.9941
UNIUSDT,BUY,LIMIT,1701068054400,223,6.0798
UNIUSDT,SELL,LIMIT,1701068169241,4,5.9725
UNIUSDT,SELL,LIMIT,1701068299353,593,5.9665
UNIUSDT,SELL,LIMIT,1701069523068,50,5.9481
UNIUSDT,SELL,LIMIT,1701069529239,318,5.9391
UNIUSDT,SELL,LIMIT,1701069530386,7,5.9449
UNIUSDT,SELL,LIMIT,1701069538055,492,5.9321
UNIUSDT,SELL,LIMIT,1701069551457,18,5.9395
UNIUSDT,SELL,LIMIT,1701069571352,30,5.9173
UNIUSDT,SELL,LIMIT,1701069572419,2919,5.9047
UNIUSDT,SELL,LIMIT,1701069637974,196,5.9308
UNIUSDT,SELL,LIMIT,1701069801626,17,5.9134
UNIUSDT,SELL,LIMIT,1701069809315,3,5.9151
UNIUSDT,SELL,LIMIT,1701069845801,12,5.9098
UNIUSDT,SELL,LIMIT,1701069855202,15,5.9114
UNIUSDT,SELL,LIMIT,1701069870381,75,5.9089
UNIUSDT,SELL,LIMIT,1701069882699,80,5.8998
UNIUSDT,SELL,LIMIT,1701069886102,114,5.8974
UNIUSDT,SELL,LIMIT,1701069892106,40,5.8939
UNIUSDT,SELL,LIMIT,1701069897591,27,5.9555
UNIUSDT,SELL,LIMIT,1701069901186,797,5.8868
UNIUSDT,SELL,LIMIT,1701070167884,195,5.9006
UNIUSDT,SELL,LIMIT,1701070172067,1,14.7378
UNIUSDT,SELL,LIMIT,1701070438418,132,5.8964
UNIUSDT,SELL,LIMIT,1701070439242,481,5.8918
UNIUSDT,BUY,LIMIT,1701072578062,422,6.0880
UNIUSDT,BUY,LIMIT,1701075370859,18,6.1069
UNIUSDT,SELL,LIMIT,1701076979398,65,6.0464
UNIUSDT,SELL,LIMIT,1701080888190,129,5.9797
UNIUSDT,SELL,LIMIT,1701082676856,647,5.9700
UNIUSDT,SELL,LIMIT,1701082700411,451,5.9601
UNIUSDT,SELL,LIMIT,1701083253624,384,5.9688
UNIUSDT,BUY,LIMIT,1701084483907,265,6.1181
UNIUSDT,BUY,LIMIT,1701085054585,12,6.1575
UNIUSDT,BUY,LIMIT,1701085071090,2,6.1635
UNIUSDT,BUY,LIMIT,1701085128150,163,6.1805
UNIUSDT,BUY,LIMIT,1701085133651,346,6.1805
UNIUSDT,BUY,LIMIT,1701085144459,27,6.1837
UNIUSDT,BUY,LIMIT,1701085978282,1,6.2283
UNIUSDT,BUY,LIMIT,1701086035390,123,6.2354
UNIUSDT,BUY,LIMIT,1701086050855,243,6.2427
UNIUSDT,SELL,LIMIT,1701087378202,385,6.0688
UNIUSDT,SELL,LIMIT,1701087701612,176,6.0584
UNIUSDT,SELL,LIMIT,1701087786481,200,6.0405
UNIUSDT,SELL,LIMIT,1701087789268,6,6.0380
UNIUSDT,SELL,LIMIT,1701087841207,14,6.0316
UNIUSDT,SELL,LIMIT,1701087850175,230,6.0288
UNIUSDT,SELL,LIMIT,1701088149954,49,5.9658
UNIUSDT,SELL,LIMIT,1701088152416,576,5.9620
UNIUSDT,BUY,LIMIT,1701089552048,880,6.0982
UNIUSDT,SELL,LIMIT,1701091163196,2,6.0202
UNIUSDT,BUY,LIMIT,1701091246817,45,6.1219
UNIUSDT,SELL,LIMIT,1701093138444,826,6.0177
UNIUSDT,BUY,LIMIT,1701093683999,486,6.1977
UNIUSDT,BUY,LIMIT,1701093834012,1,6.2057
UNIUSDT,BUY,LIMIT,1701093837162,62,6.2082
UNIUSDT,BUY,LIMIT,1701095153216,160,6.2289
UNIUSDT,BUY,LIMIT,1701095203457,3,6.2391
UNIUSDT,BUY,LIMIT,1701095207511,2,6.2439
UNIUSDT,BUY,LIMIT,1701095213261,4,6.2508
UNIUSDT,BUY,LIMIT,1701095215635,146,6.2530
UNIUSDT,BUY,LIMIT,1701095217266,270,6.2629
UNIUSDT,BUY,LIMIT,1701095232993,56,6.2740
UNIUSDT,BUY,LIMIT,1701095234034,10,6.2814
UNIUSDT,BUY,LIMIT,1701095254766,417,6.2994
UNIUSDT,SELL,LIMIT,1701095555288,123,6.1280
UNIUSDT,BUY,LIMIT,1701095721214,65,6.2389
UNIUSDT,SELL,LIMIT,1701096499121,34,6.1319
UNIUSDT,SELL,LIMIT,1701096723925,2,6.1145
UNIUSDT,SELL,LIMIT,1701096775047,5,6.1094
UNIUSDT,SELL,LIMIT,1701096796875,1609,6.1003
UNIUSDT,SELL,LIMIT,1701096798766,817,6.0964
UNIUSDT,SELL,LIMIT,1701096810072,6,6.0902
UNIUSDT,SELL,LIMIT,1701096812441,43,6.0882
UNIUSDT,SELL,LIMIT,1701096813500,78,6.0826
UNIUSDT,SELL,LIMIT,1701096816160,18,6.0789
UNIUSDT,SELL,LIMIT,1701097076233,3,6.0803
UNIUSDT,SELL,LIMIT,1701097091231,672,6.0800
UNIUSDT,BUY,LIMIT,1701097348168,99,6.1944
UNIUSDT,BUY,LIMIT,1701097361583,1,6.2034
UNIUSDT,BUY,LIMIT,1701098205275,26,6.2694
UNIUSDT,BUY,LIMIT,1701098223303,76,6.2743
UNIUSDT,BUY,LIMIT,1701098518340,208,6.3112
UNIUSDT,BUY,LIMIT,1701098542618,18,6.3164
UNIUSDT,SELL,LIMIT,1701099188231,7,6.1889
UNIUSDT,BUY,LIMIT,1701099514508,68,6.2830
UNIUSDT,SELL,LIMIT,1701099986112,40,6.1736
UNIUSDT,SELL,LIMIT,1701100134562,14,6.1595
UNIUSDT,SELL,LIMIT,1701100144153,20,6.1549
UNIUSDT,SELL,LIMIT,1701100219343,272,6.1462
UNIUSDT,SELL,LIMIT,1701100220349,72,6.1434
UNIUSDT,SELL,LIMIT,1701100271862,73,6.1410
UNIUSDT,BUY,LIMIT,1701100285904,96,6.2202
UNIUSDT,SELL,LIMIT,1701100560437,177,6.1529
UNIUSDT,SELL,LIMIT,1701100566522,1082,6.1522
UNIUSDT,SELL,LIMIT,1701100574055,7,6.1405
UNIUSDT,SELL,LIMIT,1701100618167,41,6.1357
UNIUSDT,BUY,LIMIT,1701102041037,16,6.2580
UNIUSDT,SELL,LIMIT,1701102138516,32,6.1696
UNIUSDT,SELL,LIMIT,1701102316336,2,6.1304
UNIUSDT,SELL,LIMIT,1701102346547,28,6.1242
UNIUSDT,SELL,LIMIT,1701102349640,695,6.1205
UNIUSDT,SELL,LIMIT,1701102354853,42,6.1181
UNIUSDT,SELL,LIMIT,1701103056110,93,6.1254
UNIUSDT,SELL,LIMIT,1701103217709,1086,6.0990
UNIUSDT,SELL,LIMIT,1701103951665,8,6.0952
UNIUSDT,SELL,LIMIT,1701104268393,695,6.0902
UNIUSDT,SELL,LIMIT,1701104274751,139,6.0864
UNIUSDT,BUY,LIMIT,1701105315081,10,6.2524
UNIUSDT,BUY,LIMIT,1701105334186,15,6.2550
UNIUSDT,SELL,LIMIT,1701107560824,130,6.1021
UNIUSDT,SELL,LIMIT,1701107988589,96,6.0807
UNIUSDT,SELL,LIMIT,1701108326701,80,6.0642
UNIUSDT,SELL,LIMIT,1701108340094,615,6.0603
UNIUSDT,SELL,LIMIT,1701108343578,1371,6.0546
UNIUSDT,SELL,LIMIT,1701108346153,38,6.0535
UNIUSDT,SELL,LIMIT,1701108348235,1,6.0514
UNIUSDT,SELL,LIMIT,1701108350063,411,6.0505
UNIUSDT,SELL,LIMIT,1701108392080,6033,6.0296
UNIUSDT,SELL,LIMIT,1701108397117,96,6.0449
UNIUSDT,SELL,LIMIT,1701108610368,9,6.0441
UNIUSDT,SELL,LIMIT,1701108636756,154,6.0413
UNIUSDT,SELL,LIMIT,1701109999031,1004,6.0323
UNIUSDT,SELL,LIMIT,1701110091553,27,6.0245
UNIUSDT,SELL,LIMIT,1701110164066,62,6.0161
UNIUSDT,SELL,LIMIT,1701110165660,9,6.0149
UNIUSDT,SELL,LIMIT,1701110462390,109,6.0187
UNIUSDT,SELL,LIMIT,1701110625760,4,6.0348
UNIUSDT,SELL,LIMIT,1701111581053,4190,6.0399
UNIUSDT,SELL,LIMIT,1701112082974,7845,5.9999
UNIUSDT,SELL,LIMIT,1701112128484,82,6.0243
UNIUSDT,SELL,LIMIT,1701114158926,1,6.0433
UNIUSDT,SELL,LIMIT,1701114162708,3,6.0357
UNIUSDT,SELL,LIMIT,1701114233345,2595,6.0122
UNIUSDT,SELL,LIMIT,1701114236446,429,6.0163
UNIUSDT,SELL,LIMIT,1701114238198,16,6.0432
UNIUSDT,SELL,LIMIT,1701114263162,10,6.0097
UNIUSDT,SELL,LIMIT,1701114264173,820,6.0111
UNIUSDT,SELL,LIMIT,1701114340751,7734,5.9876
UNIUSDT,SELL,LIMIT,1701114341996,100,6.0056
UNIUSDT,SELL,LIMIT,1701114343100,77,6.0042
UNIUSDT,SELL,LIMIT,1701114349142,63,6.0048
UNIUSDT,SELL,LIMIT,1701114352849,5,6.0008
UNIUSDT,SELL,LIMIT,1701114355108,68,5.9972
UNIUSDT,SELL,LIMIT,1701114356228,326,5.9992
UNIUSDT,SELL,LIMIT,1701114389845,300,5.9950
UNIUSDT,SELL,LIMIT,1701114395688,5,5.9916
UNIUSDT,BUY,LIMIT,1701114456079,352,6.0659
UNIUSDT,SELL,LIMIT,1701114459686,3,5.9925
UNIUSDT,SELL,LIMIT,1701114460958,143,5.9914
UNIUSDT,BUY,LIMIT,1701114464216,1288,6.0629
UNIUSDT,SELL,LIMIT,1701114476173,1556,5.9880
UNIUSDT,SELL,LIMIT,1701114489469,57,5.9825
UNIUSDT,SELL,LIMIT,1701114493448,18,5.9828
UNIUSDT,SELL,LIMIT,1701114494506,111,5.9787
UNIUSDT,SELL,LIMIT,1701114568945,20,5.9766
UNIUSDT,SELL,LIMIT,1701116684548,32,6.1643
UNIUSDT,SELL,LIMIT,1701116822095,16,6.0176
UNIUSDT,SELL,LIMIT,1701117187250,5,6.0021
UNIUSDT,BUY,LIMIT,1701119677339,11,6.1692
UNIUSDT,BUY,LIMIT,1701120498853,11,6.2218
UNIUSDT,BUY,LIMIT,1701124017114,158,6.2427
UNIUSDT,BUY,LIMIT,1701126111281,2,6.2622
UNIUSDT,BUY,LIMIT,1701126151596,611,6.2775
UNIUSDT,BUY,LIMIT,1701126386156,5,6.3159
UNIUSDT,BUY,LIMIT,1701126387221,1612,6.2956
UNIUSDT,BUY,LIMIT,1701126392238,35,6.3324
UNIUSDT,BUY,LIMIT,1701126422298,778,6.3370
UNIUSDT,BUY,LIMIT,1701126974414,1653,6.3464
UNIUSDT,BUY,LIMIT,1701126976437,1,6.3472
UNIUSDT,BUY,LIMIT,1701126992900,77,6.3496
UNIUSDT,BUY,LIMIT,1701127025378,153,6.3596
UNIUSDT,BUY,LIMIT,1701127040311,631,6.3632
UNIUSDT,BUY,LIMIT,1701127050709,64,6.3660
UNIUSDT,BUY,LIMIT,1701127054438,488,6.3712
UNIUSDT,BUY,LIMIT,1701127055727,3,6.3735
UNIUSDT,BUY,LIMIT,1701127277117,31,6.3818
UNIUSDT,BUY,LIMIT,1701127319068,1052,6.3837
UNIUSDT,BUY,LIMIT,1701127327691,2422,6.4006
UNIUSDT,BUY,LIMIT,1701127370480,2,6.3982
UNIUSDT,SELL,LIMIT,1701127464412,76,6.3187
UNIUSDT,SELL,LIMIT,1701127611354,990,6.2678
UNIUSDT,SELL,LIMIT,1701127889182,163,6.2420
UNIUSDT,SELL,LIMIT,1701130039407,7,6.2333
UNIUSDT,SELL,LIMIT,1701130213158,2,6.2125
UNIUSDT,BUY,LIMIT,1701131094715,114,6.3157
UNIUSDT,BUY,LIMIT,1701132928341,67,6.3579
UNIUSDT,SELL,LIMIT,1701133549322,4,6.3971
UNIUSDT,BUY,LIMIT,1701135405156,244,6.3914
UNIUSDT,BUY,LIMIT,1701135432197,2167,6.4098
UNIUSDT,BUY,LIMIT,1701135870042,1567,6.4134
UNIUSDT,BUY,LIMIT,1701135876331,16,6.4172
UNIUSDT,SELL,LIMIT,1701136930331,4,6.2754
UNIUSDT,SELL,LIMIT,1701136942158,39,6.2722
UNIUSDT,SELL,LIMIT,1701138495962,2205,6.3292
UNIUSDT,BUY,LIMIT,1701138515299,129,6.4188
UNIUSDT,BUY,LIMIT,1701138571115,151,6.4228
UNIUSDT,BUY,LIMIT,1701139188471,21,6.4072
UNIUSDT,BUY,LIMIT,1701139491216,22,6.4286
UNIUSDT,BUY,LIMIT,1701139492357,426,6.4310
UNIUSDT,BUY,LIMIT,1701139526750,17,6.4407
UNIUSDT,BUY,LIMIT,1701139531091,4142,6.4652
UNIUSDT,BUY,LIMIT,1701139535791,32,6.4575
UNIUSDT,BUY,LIMIT,1701139545515,167,6.4586
UNIUSDT,BUY,LIMIT,1701139578134,6,6.4629
UNIUSDT,BUY,LIMIT,1701139600931,75,6.4731
UNIUSDT,BUY,LIMIT,1701139754576,776,6.4839
UNIUSDT,BUY,LIMIT,1701139759054,37,6.4865
UNIUSDT,BUY,LIMIT,1701139761313,2,6.4872
UNIUSDT,BUY,LIMIT,1701139928970,30,6.4900
UNIUSDT,BUY,LIMIT,1701139936309,429,6.4949
UNIUSDT,BUY,LIMIT,1701139983954,47,6.4963
UNIUSDT,BUY,LIMIT,1701140001475,23,6.5032
UNIUSDT,BUY,LIMIT,1701140002764,675,6.5050
UNIUSDT,BUY,LIMIT,1701140023156,1546,6.5074
UNIUSDT,BUY,LIMIT,1701140041331,11,6.5113
UNIUSDT,BUY,LIMIT,1701140367261,51,6.5235
UNIUSDT,BUY,LIMIT,1701140390731,25,6.5318
UNIUSDT,BUY,LIMIT,1701140403801,390,6.5355
UNIUSDT,BUY,LIMIT,1701140581165,2,6.5366
UNIUSDT,BUY,LIMIT,1701140640666,50,6.5409
UNIUSDT,BUY,LIMIT,1701140704146,21,6.5448
UNIUSDT,BUY,LIMIT,1701140722254,283,6.5481
UNIUSDT,BUY,LIMIT,1701140730933,24,6.5537
UNIUSDT,BUY,LIMIT,1701140741773,184,6.5607
UNIUSDT,BUY,LIMIT,1701140744373,11,6.5624
UNIUSDT,BUY,LIMIT,1701140758004,2485,6.5755
UNIUSDT,BUY,LIMIT,1701140760183,2,6.5669
UNIUSDT,BUY,LIMIT,1701140840871,32,6.5718
UNIUSDT,BUY,LIMIT,1701140841992,2,6.5749
UNIUSDT,BUY,LIMIT,1701140856019,77,6.5793
UNIUSDT,BUY,LIMIT,1701140868373,122,6.5814
UNIUSDT,BUY,LIMIT,1701140871126,49,6.5852
UNIUSDT,BUY,LIMIT,1701140925805,11,6.5903
UNIUSDT,BUY,LIMIT,1701140948123,3,6.5968
UNIUSDT,BUY,LIMIT,1701140949228,15,6.6039
UNIUSDT,SELL,LIMIT,1701141201664,12,6.4543
UNIUSDT,BUY,LIMIT,1701142883264,1,6.5503
UNIUSDT,BUY,LIMIT,1701144667451,66,6.5903
UNIUSDT,BUY,LIMIT,1701144671051,840,6.5974
UNIUSDT,BUY,LIMIT,1701144857818,1533,6.6055
UNIUSDT,SELL,LIMIT,1701145112533,56,6.4553
UNIUSDT,SELL,LIMIT,1701145117745,52,6.4519
UNIUSDT,SELL,LIMIT,1701145699076,137,6.4307
UNIUSDT,SELL,LIMIT,1701145772760,867,6.4208
UNIUSDT,SELL,LIMIT,1701145799321,7,6.4044
UNIUSDT,SELL,LIMIT,1701146506651,1,6.3848
UNIUSDT,SELL,LIMIT,1701146519614,69,6.3802
UNIUSDT,SELL,LIMIT,1701147191049,42,6.3698
UNIUSDT,SELL,LIMIT,1701147629245,19,6.3613
UNIUSDT,SELL,LIMIT,1701147852807,33,6.3590
UNIUSDT,SELL,LIMIT,1701147861138,4,6.3552
UNIUSDT,SELL,LIMIT,1701147880801,14,6.3414
UNIUSDT,SELL,LIMIT,1701147891279,1524,6.3360
UNIUSDT,SELL,LIMIT,1701147898084,2,6.3324
UNIUSDT,SELL,LIMIT,1701147921031,87,6.3268
UNIUSDT,SELL,LIMIT,1701148137320,4,6.3210
UNIUSDT,SELL,LIMIT,1701148141534,770,6.3190
UNIUSDT,SELL,LIMIT,1701148164621,877,6.3152
UNIUSDT,SELL,LIMIT,1701148167941,59,6.3074
UNIUSDT,SELL,LIMIT,1701148179195,1,6.3052
UNIUSDT,SELL,LIMIT,1701148238136,25,6.2953
UNIUSDT,SELL,LIMIT,1701148301168,4,6.3143
UNIUSDT,SELL,LIMIT,1701149073169,50,6.2958
UNIUSDT,SELL,LIMIT,1701149318480,14,6.2852
UNIUSDT,SELL,LIMIT,1701149488573,6,6.2828
UNIUSDT,SELL,LIMIT,1701149568933,4,6.2732
UNIUSDT,SELL,LIMIT,1701149576525,75,6.2716
UNIUSDT,SELL,LIMIT,1701149578116,13,6.2705
UNIUSDT,SELL,LIMIT,1701149624804,378,6.2703
UNIUSDT,SELL,LIMIT,1701149771344,16,6.2722
UNIUSDT,SELL,LIMIT,1701149838342,1405,6.2610
UNIUSDT,SELL,LIMIT,1701149845630,38,6.2563
UNIUSDT,SELL,LIMIT,1701149848145,2,6.2526
UNIUSDT,SELL,LIMIT,1701149849163,644,6.2518
UNIUSDT,SELL,LIMIT,1701149851497,1,6.2511
UNIUSDT,SELL,LIMIT,1701149853974,248,6.2489
UNIUSDT,SELL,LIMIT,1701149854990,4500,6.2304
UNIUSDT,SELL,LIMIT,1701149883192,1,6.2418
UNIUSDT,SELL,LIMIT,1701149895129,6,6.2391
UNIUSDT,BUY,LIMIT,1701150115033,475,6.3913
UNIUSDT,SELL,LIMIT,1701150300235,1,6.2661
UNIUSDT,SELL,LIMIT,1701150303491,17,6.2611
UNIUSDT,SELL,LIMIT,1701150360169,48,6.2202
UNIUSDT,SELL,LIMIT,1701150361258,102,6.2413
UNIUSDT,SELL,LIMIT,1701150362884,181,6.2069
UNIUSDT,SELL,LIMIT,1701150364026,118,6.2057
UNIUSDT,SELL,LIMIT,1701150465433,16,6.1974
UNIUSDT,SELL,LIMIT,1701150519984,5033,6.1646
UNIUSDT,SELL,LIMIT,1701150525180,22,6.1803
UNIUSDT,SELL,LIMIT,1701150536183,821,6.1784
UNIUSDT,SELL,LIMIT,1701150619473,46,6.1757
UNIUSDT,SELL,LIMIT,1701150621162,352,6.1742
UNIUSDT,SELL,LIMIT,1701150634032,64,6.1643
UNIUSDT,SELL,LIMIT,1701150695137,157,6.1566
UNIUSDT,SELL,LIMIT,1701151263536,113,6.1939
UNIUSDT,BUY,LIMIT,1701151308054,26,6.2921
UNIUSDT,BUY,LIMIT,1701151314147,31,6.2968
UNIUSDT,BUY,LIMIT,1701151753260,1,6.3089
UNIUSDT,BUY,LIMIT,1701151979954,1610,6.3299
UNIUSDT,BUY,LIMIT,1701152144522,1155,6.3603
UNIUSDT,SELL,LIMIT,1701152734096,120,6.2385
UNIUSDT,SELL,LIMIT,1701153892158,73,6.1890
UNIUSDT,SELL,LIMIT,1701154233180,455,6.1698
UNIUSDT,BUY,LIMIT,1701154430335,11,6.2952
UNIUSDT,SELL,LIMIT,1701155913136,130,6.1573
UNIUSDT,SELL,LIMIT,1701155914238,303,6.1579
UNIUSDT,SELL,LIMIT,1701156266893,23,6.1477
UNIUSDT,SELL,LIMIT,1701156269303,4,6.1444
UNIUSDT,SELL,LIMIT,1701156290104,522,6.1366
UNIUSDT,SELL,LIMIT,1701156291210,9,6.1284
UNIUSDT,SELL,LIMIT,1701156359306,827,6.1161
UNIUSDT,SELL,LIMIT,1701156360354,9,6.1174
UNIUSDT,SELL,LIMIT,1701156372330,246,6.1074
UNIUSDT,SELL,LIMIT,1701156528838,6,6.1063
UNIUSDT,SELL,LIMIT,1701156547470,16,6.1056
UNIUSDT,SELL,LIMIT,1701156549427,200,6.1046
UNIUSDT,SELL,LIMIT,1701156551163,8,6.1037
UNIUSDT,SELL,LIMIT,1701156553121,216,6.1026
UNIUSDT,SELL,LIMIT,1701157034122,165,6.0995
UNIUSDT,SELL,LIMIT,1701157044653,745,6.0974
UNIUSDT,SELL,LIMIT,1701157047546,313,6.0960
UNIUSDT,BUY,LIMIT,1701157960624,114,6.2382
UNIUSDT,BUY,LIMIT,1701157962916,623,6.2395
UNIUSDT,BUY,LIMIT,1701158042021,77,6.2550
UNIUSDT,BUY,LIMIT,1701158059426,23,6.2577
UNIUSDT,SELL,LIMIT,1701161058539,27,6.1310
UNIUSDT,BUY,LIMIT,1701162957285,7,6.2395
UNIUSDT,SELL,LIMIT,1701165585821,43,6.1291
UNIUSDT,SELL,LIMIT,1701165782149,160,6.1212
UNIUSDT,SELL,LIMIT,1701165919616,2,6.0994
UNIUSDT,SELL,LIMIT,1701165923289,977,6.0882
UNIUSDT,SELL,LIMIT,1701166002060,932,6.0744
UNIUSDT,SELL,LIMIT,1701166003092,9,6.0688
UNIUSDT,SELL,LIMIT,1701166010390,61,6.0629
UNIUSDT,SELL,LIMIT,1701166012413,60,6.0596
UNIUSDT,SELL,LIMIT,1701166037872,2,6.0573
UNIUSDT,SELL,LIMIT,1701166043555,2,6.0552
UNIUSDT,SELL,LIMIT,1701166240366,46,6.0517
UNIUSDT,SELL,LIMIT,1701166284489,70,6.0477
UNIUSDT,SELL,LIMIT,1701166305798,80,6.0443
UNIUSDT,BUY,LIMIT,1701169401771,1595,6.2046
UNIUSDT,BUY,LIMIT,1701170983236,1,6.2170
UNIUSDT,BUY,LIMIT,1701171063486,417,6.2248
UNIUSDT,BUY,LIMIT,1701171143139,1,6.2279
UNIUSDT,BUY,LIMIT,1701171194700,1055,6.2314
UNIUSDT,SELL,LIMIT,1701173559915,14,6.0829
UNIUSDT,SELL,LIMIT,1701176790954,18,6.0886
UNIUSDT,BUY,LIMIT,1701178800275,3,6.2379
