Symbol,Side,Order Type,Time,Quantity,Price
UNIUSDT,BUY,LIMIT,1701923800389,96,6.1473
UNIUSDT,BUY,LIMIT,1701927621071,105,6.1858
UNIUSDT,BUY,LIMIT,1701928150206,12,6.2045
UNIUSDT,BUY,LIMIT,1701930028197,1076,6.2327
UNIUSDT,BUY,LIMIT,1701930786176,76,6.2309
UNIUSDT,SELL,LIMIT,1701936977234,131,6.0997
UNIUSDT,SELL,LIMIT,1701936983516,21,6.0959
UNIUSDT,SELL,LIMIT,1701937342918,460,6.1265
UNIUSDT,SELL,LIMIT,1701937926108,15,6.0822
UNIUSDT,SELL,LIMIT,1701939467474,1,6.0763
UNIUSDT,SELL,LIMIT,1701939868496,2,6.0659
UNIUSDT,SELL,LIMIT,1701939968044,299,6.0633
UNIUSDT,SELL,LIMIT,1701940023365,607,6.0441
UNIUSDT,SELL,LIMIT,1701940475668,182,6.0269
UNIUSDT,SELL,LIMIT,1701940556896,8,6.0164
UNIUSDT,SELL,LIMIT,1701940566121,488,6.0041
UNIUSDT,SELL,LIMIT,1701941070065,5,5.9940
UNIUSDT,SELL,LIMIT,1701941153266,3712,5.9750
UNIUSDT,SELL,LIMIT,1701941155445,909,5.9823
UNIUSDT,SELL,LIMIT,1701941172484,200,5.9789
UNIUSDT,SELL,LIMIT,1701941174226,13,5.9753
UNIUSDT,SELL,LIMIT,1701941177088,5,5.9752
UNIUSDT,SELL,LIMIT,1701941182460,82,5.9733
UNIUSDT,SELL,LIMIT,1701941184085,12,5.9709
UNIUSDT,SELL,LIMIT,1701941185229,36,5.9697
UNIUSDT,SELL,LIMIT,1701941186425,32,5.9834
UNIUSDT,SELL,LIMIT,1701941190074,1,5.9626
UNIUSDT,SELL,LIMIT,1701941191296,87,5.9633
UNIUSDT,SELL,LIMIT,1701941226086,24,5.9702
UNIUSDT,SELL,LIMIT,1701941237483,4791,5.9448
UNIUSDT,SELL,LIMIT,1701941246109,169,5.9810
UNIUSDT,SELL,LIMIT,1701941254175,26,5.9565
UNIUSDT,BUY,LIMIT,1701943011126,3,6.1292
UNIUSDT,SELL,LIMIT,1701949667414,5,5.9859
UNIUSDT,BUY,LIMIT,1701959502332,1,6.1277
UNIUSDT,BUY,LIMIT,1701962409176,135,6.1802
UNIUSDT,BUY,LIMIT,1701962480060,477,6.1822
UNIUSDT,BUY,LIMIT,1701962570182,310,6.1885
UNIUSDT,BUY,LIMIT,1701962686690,1,6.2032
UNIUSDT,BUY,LIMIT,1701962795779,1711,6.2112
UNIUSDT,BUY,LIMIT,1701962956313,1871,6.2304
UNIUSDT,BUY,LIMIT,1701965055204,4637,6.2556
UNIUSDT,BUY,LIMIT,1701965058187,18,6.2620
UNIUSDT,BUY,LIMIT,1701965348755,25,6.2967
UNIUSDT,BUY,LIMIT,1701965354328,262,6.2985
UNIUSDT,BUY,LIMIT,1701965364744,2273,6.3157
UNIUSDT,BUY,LIMIT,1701965520806,35,6.3361
UNIUSDT,BUY,LIMIT,1701965595116,14,6.3384
UNIUSDT,BUY,LIMIT,1701965600548,3,6.3415
UNIUSDT,BUY,LIMIT,1701966094964,451,6.3887
UNIUSDT,BUY,LIMIT,1701966135264,1077,6.3860
UNIUSDT,SELL,LIMIT,1701966513756,1578,6.2478
UNIUSDT,SELL,LIMIT,1701966544193,394,6.2223
UNIUSDT,SELL,LIMIT,1701966850168,1207,6.2533
UNIUSDT,SELL,LIMIT,1701968921593,1,6.2225
UNIUSDT,BUY,LIMIT,1701969575418,383,6.3324
UNIUSDT,BUY,LIMIT,1701970687136,32,6.3512
UNIUSDT,SELL,LIMIT,1701971014339,47,6.2114
UNIUSDT,SELL,LIMIT,1701971016866,194,6.2096
UNIUSDT,SELL,LIMIT,1701971383538,31,6.1915
UNIUSDT,SELL,LIMIT,1701975639919,1235,6.1622
UNIUSDT,SELL,LIMIT,1701977111656,533,6.1377
UNIUSDT,SELL,LIMIT,1701978291584,150,6.1032
UNIUSDT,BUY,LIMIT,1701984199286,946,6.2958
UNIUSDT,BUY,LIMIT,1701984526373,1,6.3003
UNIUSDT,SELL,LIMIT,1701987528535,6,6.2224
UNIUSDT,SELL,LIMIT,1701988408759,357,6.2096
UNIUSDT,SELL,LIMIT,1701988484640,881,6.1959
UNIUSDT,SELL,LIMIT,1701988580260,37,6.1933
UNIUSDT,SELL,LIMIT,1701991532238,200,6.2038
UNIUSDT,BUY,LIMIT,1701994881222,89,6.3666
UNIUSDT,SELL,LIMIT,1701997714943,82,6.2438
UNIUSDT,BUY,LIMIT,1702000044086,267,6.3846
UNIUSDT,BUY,LIMIT,1702000508203,2,6.4036
UNIUSDT,SELL,LIMIT,1702002945135,206,6.2787
UNIUSDT,BUY,LIMIT,1702005342708,2049,6.3849
UNIUSDT,BUY,LIMIT,1702005529491,18,6.3946
UNIUSDT,BUY,LIMIT,1702006199147,75,6.4096
UNIUSDT,BUY,LIMIT,1702006454718,2,6.4335
UNIUSDT,BUY,LIMIT,1702006522938,20,6.4440
UNIUSDT,BUY,LIMIT,1702007154540,5,6.4488
UNIUSDT,BUY,LIMIT,1702007319714,9,6.4464
UNIUSDT,SELL,LIMIT,1702007334768,42,6.3744
UNIUSDT,BUY,LIMIT,1702007352404,9,6.4545
UNIUSDT,BUY,LIMIT,1702007356585,58,6.4551
UNIUSDT,BUY,LIMIT,1702008296995,615,6.4636
UNIUSDT,BUY,LIMIT,1702008339533,760,6.4751
UNIUSDT,BUY,LIMIT,1702008350010,1300,6.4787
UNIUSDT,BUY,LIMIT,1702008866046,333,6.4763
UNIUSDT,BUY,LIMIT,1702008908537,1,6.4850
UNIUSDT,BUY,LIMIT,1702008916141,10,6.4882
UNIUSDT,BUY,LIMIT,1702009676987,135,6.4635
UNIUSDT,BUY,LIMIT,1702011729229,88,6.4144
UNIUSDT,SELL,LIMIT,1702013370446,192,6.3118
UNIUSDT,BUY,LIMIT,1702015946372,28,6.4109
UNIUSDT,BUY,LIMIT,1702018380321,116,6.4082
UNIUSDT,SELL,LIMIT,1702020414151,10,6.2813
UNIUSDT,SELL,LIMIT,1702020530518,3,6.2821
UNIUSDT,SELL,LIMIT,1702020638284,236,6.2766
UNIUSDT,SELL,LIMIT,1702020643392,28,6.2726
UNIUSDT,SELL,LIMIT,1702023056183,16,6.2795
UNIUSDT,BUY,LIMIT,1702035157863,20,6.4384
UNIUSDT,BUY,LIMIT,1702035195854,1578,6.4455
UNIUSDT,BUY,LIMIT,1702035294453,219,6.4507
UNIUSDT,BUY,LIMIT,1702035734215,4,6.4610
UNIUSDT,BUY,LIMIT,1702036083674,6,6.4505
UNIUSDT,BUY,LIMIT,1702036732095,76,6.4423
UNIUSDT,BUY,LIMIT,1702037846264,47,6.4725
UNIUSDT,BUY,LIMIT,1702038922511,571,6.4975
UNIUSDT,BUY,LIMIT,1702038926107,177,6.4983
UNIUSDT,BUY,LIMIT,1702038956514,105,6.5007
UNIUSDT,BUY,LIMIT,1702039084394,1,6.4944
UNIUSDT,BUY,LIMIT,1702039097274,89,6.4990
UNIUSDT,BUY,LIMIT,1702039761075,20,6.5073
UNIUSDT,BUY,LIMIT,1702039762354,7,6.5095
UNIUSDT,BUY,LIMIT,1702039798825,1107,6.5123
UNIUSDT,BUY,LIMIT,1702039855770,2,6.5163
UNIUSDT,SELL,LIMIT,1702043585512,7,6.3573
UNIUSDT,BUY,LIMIT,1702043699695,240,6.4340
UNIUSDT,SELL,LIMIT,1702043828136,115,6.3403
UNIUSDT,SELL,LIMIT,1702043839352,11,6.3269
UNIUSDT,SELL,LIMIT,1702044403285,21,6.3085
UNIUSDT,SELL,LIMIT,1702044405239,183,6.3052
UNIUSDT,SELL,LIMIT,1702044413831,783,6.2964
UNIUSDT,BUY,LIMIT,1702045885455,863,6.3541
UNIUSDT,SELL,LIMIT,1702047206723,55,6.2690
UNIUSDT,SELL,LIMIT,1702047208692,296,6.2640
UNIUSDT,BUY,LIMIT,1702047700059,214,6.3918
UNIUSDT,BUY,LIMIT,1702047709878,18,6.3961
UNIUSDT,SELL,LIMIT,1702049471790,236,6.3333
UNIUSDT,BUY,LIMIT,1702051257194,28,6.3631
UNIUSDT,BUY,LIMIT,1702051365653,688,6.3728
UNIUSDT,SELL,LIMIT,1702051520184,94,6.3102
UNIUSDT,BUY,LIMIT,1702051548958,11,6.3900
UNIUSDT,BUY,LIMIT,1702052135288,7,6.4374
UNIUSDT,BUY,LIMIT,1702052161449,7,6.4452
UNIUSDT,BUY,LIMIT,1702052617137,20,6.4541
UNIUSDT,BUY,LIMIT,1702054347358,21,6.4505
UNIUSDT,SELL,LIMIT,1702056475945,400,6.3388
UNIUSDT,SELL,LIMIT,1702056639716,13,6.3358
UNIUSDT,BUY,LIMIT,1702057126751,113,6.4611
UNIUSDT,BUY,LIMIT,1702057597638,4,6.4639
UNIUSDT,BUY,LIMIT,1702057668112,10,6.4833
UNIUSDT,BUY,LIMIT,1702057675531,11,6.4873
UNIUSDT,BUY,LIMIT,1702059867808,1323,6.5094
UNIUSDT,BUY,LIMIT,1702064195892,10,6.4786
UNIUSDT,BUY,LIMIT,1702065355407,12,6.4826
UNIUSDT,BUY,LIMIT,1702065942715,23,6.4987
UNIUSDT,BUY,LIMIT,1702066078443,900,6.4999
UNIUSDT,BUY,LIMIT,1702068229047,64,6.5037
UNIUSDT,BUY,LIMIT,1702068645262,444,6.5071
UNIUSDT,BUY,LIMIT,1702068817358,178,6.5194
UNIUSDT,BUY,LIMIT,1702068990348,48,6.5232
UNIUSDT,BUY,LIMIT,1702070895513,112,6.5210
UNIUSDT,BUY,LIMIT,1702070982049,226,6.5278
UNIUSDT,BUY,LIMIT,1702071308252,2,6.5302
UNIUSDT,BUY,LIMIT,1702072671666,28,6.5288
UNIUSDT,BUY,LIMIT,1702072859393,20,6.5329
UNIUSDT,BUY,LIMIT,1702072954524,8,6.5382
UNIUSDT,BUY,LIMIT,1702073888110,108,6.5403
UNIUSDT,BUY,LIMIT,1702076859269,401,6.5491
UNIUSDT,BUY,LIMIT,1702078182357,1034,6.5488
UNIUSDT,BUY,LIMIT,1702078558233,4,6.5784
UNIUSDT,BUY,LIMIT,1702078609448,15,6.5777
UNIUSDT,BUY,LIMIT,1702078610502,41,6.5817
UNIUSDT,BUY,LIMIT,1702078613254,16,6.5821
UNIUSDT,BUY,LIMIT,1702078733825,1445,6.5860
UNIUSDT,BUY,LIMIT,1702079318221,310,6.5906
UNIUSDT,BUY,LIMIT,1702079345661,133,6.5943
UNIUSDT,BUY,LIMIT,1702080402587,38,6.5864
UNIUSDT,BUY,LIMIT,1702080692328,15,6.6020
UNIUSDT,BUY,LIMIT,1702080706335,1452,6.6032
UNIUSDT,BUY,LIMIT,1702080872265,31,6.6084
UNIUSDT,BUY,LIMIT,1702081007317,499,6.6053
UNIUSDT,BUY,LIMIT,1702081183103,162,6.6031
UNIUSDT,BUY,LIMIT,1702081229517,344,6.6060
UNIUSDT,BUY,LIMIT,1702081245323,14,6.6063
UNIUSDT,BUY,LIMIT,1702081623404,119,6.6080
UNIUSDT,BUY,LIMIT,1702081635436,20,6.6092
UNIUSDT,BUY,LIMIT,1702081660183,6,6.6149
UNIUSDT,BUY,LIMIT,1702081664225,2,6.6181
UNIUSDT,BUY,LIMIT,1702081711219,2,6.6197
UNIUSDT,BUY,LIMIT,1702081747897,15,6.6238
UNIUSDT,BUY,LIMIT,1702081828541,22,6.6336
UNIUSDT,BUY,LIMIT,1702081865654,4,6.6428
UNIUSDT,BUY,LIMIT,1702081896467,17,6.6475
UNIUSDT,BUY,LIMIT,1702081984546,38,6.6479
UNIUSDT,BUY,LIMIT,1702081999700,988,6.6493
UNIUSDT,BUY,LIMIT,1702082357651,296,6.6580
UNIUSDT,BUY,LIMIT,1702082388142,117,6.6606
UNIUSDT,BUY,LIMIT,1702082389390,5,6.6605
UNIUSDT,BUY,LIMIT,1702082436407,48,6.6642
UNIUSDT,BUY,LIMIT,1702082438190,130,6.6759
UNIUSDT,BUY,LIMIT,1702082439361,19,6.6787
UNIUSDT,BUY,LIMIT,1702082441564,7,6.6829
UNIUSDT,BUY,LIMIT,1702082447199,117,6.6842
UNIUSDT,BUY,LIMIT,1702082449251,1167,6.6937
UNIUSDT,BUY,LIMIT,1702082454475,1051,6.6935
UNIUSDT,BUY,LIMIT,1702082456005,503,6.6969
UNIUSDT,BUY,LIMIT,1702082457254,924,6.7100
UNIUSDT,BUY,LIMIT,1702082458555,11,6.7092
UNIUSDT,BUY,LIMIT,1702082671360,9,6.7009
UNIUSDT,BUY,LIMIT,1702082974938,2,6.6910
UNIUSDT,BUY,LIMIT,1702083126195,38,6.6769
UNIUSDT,SELL,LIMIT,1702083647471,247,6.6390
UNIUSDT,SELL,LIMIT,1702083914426,5,6.5754
UNIUSDT,BUY,LIMIT,1702085555501,53,6.6531
UNIUSDT,BUY,LIMIT,1702085753081,404,6.6881
UNIUSDT,BUY,LIMIT,1702085900320,3,6.6929
UNIUSDT,BUY,LIMIT,1702085901360,4,6.6939
UNIUSDT,BUY,LIMIT,1702087158231,251,6.7357
UNIUSDT,BUY,LIMIT,1702087162348,2,6.7383
UNIUSDT,BUY,LIMIT,1702088863361,106,6.7325
UNIUSDT,BUY,LIMIT,1702088991035,125,6.7435
UNIUSDT,BUY,LIMIT,1702088993199,39,6.7441
UNIUSDT,BUY,LIMIT,1702089018172,67,6.7461
UNIUSDT,BUY,LIMIT,1702090577657,47,6.7488
UNIUSDT,BUY,LIMIT,1702090581122,73,6.7516
UNIUSDT,BUY,LIMIT,1702090950426,38,6.7574
UNIUSDT,BUY,LIMIT,1702090979448,3,6.7605
UNIUSDT,BUY,LIMIT,1702090991016,3,6.7665
UNIUSDT,BUY,LIMIT,1702091038105,205,6.7715
UNIUSDT,BUY,LIMIT,1702091040894,354,6.7720
UNIUSDT,BUY,LIMIT,1702091043157,11,6.7781
UNIUSDT,BUY,LIMIT,1702091047413,22,6.7798
UNIUSDT,BUY,LIMIT,1702091068085,56,6.7835
UNIUSDT,BUY,LIMIT,1702091109246,12,6.7869
UNIUSDT,BUY,LIMIT,1702091161196,50,6.7911
UNIUSDT,BUY,LIMIT,1702091187098,1442,6.7995
UNIUSDT,BUY,LIMIT,1702091192192,11,6.8040
UNIUSDT,BUY,LIMIT,1702091198291,127,6.8082
UNIUSDT,BUY,LIMIT,1702091252447,64,6.8126
UNIUSDT,BUY,LIMIT,1702091745313,74,6.8320
UNIUSDT,BUY,LIMIT,1702091746398,15,6.8246
UNIUSDT,BUY,LIMIT,1702091747458,743,6.8327
UNIUSDT,BUY,LIMIT,1702091750372,20,6.8366
UNIUSDT,BUY,LIMIT,1702091759194,38,6.8430
UNIUSDT,BUY,LIMIT,1702091763688,9,6.8468
UNIUSDT,BUY,LIMIT,1702091774846,60,6.8551
UNIUSDT,BUY,LIMIT,1702091775978,150,6.8595
UNIUSDT,BUY,LIMIT,1702091780077,16,6.8643
UNIUSDT,BUY,LIMIT,1702091789060,346,6.8566
UNIUSDT,BUY,LIMIT,1702091848145,874,6.8670
UNIUSDT,BUY,LIMIT,1702091867050,203,6.8734
UNIUSDT,BUY,LIMIT,1702091884404,110,6.8828
UNIUSDT,BUY,LIMIT,1702091885508,89,6.8816
UNIUSDT,BUY,LIMIT,1702091901332,36,6.8874
UNIUSDT,BUY,LIMIT,1702091903176,2,6.8942
UNIUSDT,BUY,LIMIT,1702091905114,218,6.8990
UNIUSDT,BUY,LIMIT,1702091906220,109,6.9043
UNIUSDT,BUY,LIMIT,1702091909124,544,6.9098
UNIUSDT,BUY,LIMIT,1702091910217,12,6.9097
UNIUSDT,BUY,LIMIT,1702091929024,2500,6.9300
UNIUSDT,BUY,LIMIT,1702091933373,12,6.9167
UNIUSDT,SELL,LIMIT,1702093355641,346,6.7417
UNIUSDT,SELL,LIMIT,1702093516135,62,6.7112
UNIUSDT,BUY,LIMIT,1702094617864,324,6.8075
UNIUSDT,BUY,LIMIT,1702094626958,35,6.8101
UNIUSDT,BUY,LIMIT,1702094628258,337,6.8099
UNIUSDT,BUY,LIMIT,1702094637317,2,6.8126
UNIUSDT,BUY,LIMIT,1702097662665,21,6.7905
UNIUSDT,BUY,LIMIT,1702097861106,16,6.8450
UNIUSDT,SELL,LIMIT,1702099370598,83,6.6775
UNIUSDT,SELL,LIMIT,1702100133212,5447,6.6453
UNIUSDT,SELL,LIMIT,1702100135140,1476,6.6582
UNIUSDT,SELL,LIMIT,1702100706545,15,6.6282
UNIUSDT,SELL,LIMIT,1702100707706,66,6.6227
UNIUSDT,SELL,LIMIT,1702100709059,484,6.6113
UNIUSDT,SELL,LIMIT,1702100713325,509,6.6081
UNIUSDT,BUY,LIMIT,1702102929864,38,6.7730
UNIUSDT,BUY,LIMIT,1702103376621,38,6.7685
UNIUSDT,BUY,LIMIT,1702105454657,742,6.7813
UNIUSDT,BUY,LIMIT,1702105732432,3,6.8020
UNIUSDT,BUY,LIMIT,1702106825704,10,6.8107
UNIUSDT,BUY,LIMIT,1702106888279,34,6.8055
UNIUSDT,BUY,LIMIT,1702107982536,111,6.8031
UNIUSDT,BUY,LIMIT,1702108104306,11,6.8035
UNIUSDT,BUY,LIMIT,1702108359269,121,6.8065
UNIUSDT,BUY,LIMIT,1702108513286,2269,6.8159
UNIUSDT,BUY,LIMIT,1702108532625,338,6.8186
UNIUSDT,BUY,LIMIT,1702108561117,50,6.8261
UNIUSDT,BUY,LIMIT,1702108710678,18,6.8146
UNIUSDT,BUY,LIMIT,1702108941255,1321,6.8216
UNIUSDT,BUY,LIMIT,1702109010082,62,6.8219
UNIUSDT,BUY,LIMIT,1702109102696,270,6.8166
UNIUSDT,BUY,LIMIT,1702109244833,35,6.8126
UNIUSDT,BUY,LIMIT,1702109359571,2,6.8045
UNIUSDT,BUY,LIMIT,1702109392320,36,6.8015
UNIUSDT,BUY,LIMIT,1702109416141,197,6.7925
UNIUSDT,BUY,LIMIT,1702109477131,100,6.7996
UNIUSDT,BUY,LIMIT,1702109776976,14,6.8316
UNIUSDT,BUY,LIMIT,1702109787325,10,6.8363
UNIUSDT,SELL,LIMIT,1702109841926,6,6.7507
UNIUSDT,BUY,LIMIT,1702109891517,19,6.8360
UNIUSDT,BUY,LIMIT,1702109925240,352,6.8377
UNIUSDT,SELL,LIMIT,1702110717455,24,6.7352
UNIUSDT,SELL,LIMIT,1702110872492,2,6.6974
UNIUSDT,SELL,LIMIT,1702110970799,589,6.6599
UNIUSDT,SELL,LIMIT,1702110975999,283,6.6532
UNIUSDT,SELL,LIMIT,1702110979395,21,6.6420
UNIUSDT,SELL,LIMIT,1702110982526,81,6.6371
UNIUSDT,SELL,LIMIT,1702111027751,4,6.6100
UNIUSDT,SELL,LIMIT,1702111030524,364,6.6052
UNIUSDT,SELL,LIMIT,1702111036177,594,6.5976
UNIUSDT,SELL,LIMIT,1702111037177,141,6.5927
UNIUSDT,SELL,LIMIT,1702111038855,334,6.5994
UNIUSDT,SELL,LIMIT,1702111039977,194,6.5928
UNIUSDT,SELL,LIMIT,1702111042546,16,6.5863
UNIUSDT,SELL,LIMIT,1702111044419,7,6.5841
UNIUSDT,SELL,LIMIT,1702111045469,341,6.6000
UNIUSDT,SELL,LIMIT,1702111071297,222,6.5764
UNIUSDT,SELL,LIMIT,1702111205621,155,6.5675
UNIUSDT,SELL,LIMIT,1702111373140,1101,6.5670
UNIUSDT,SELL,LIMIT,1702111377295,39,6.5581
UNIUSDT,SELL,LIMIT,1702111381012,15,6.5482
UNIUSDT,SELL,LIMIT,1702111386335,221,6.5465
UNIUSDT,SELL,LIMIT,1702111388292,1,6.5447
UNIUSDT,SELL,LIMIT,1702112870893,22,6.5961
UNIUSDT,SELL,LIMIT,1702114994638,223,6.6266
UNIUSDT,SELL,LIMIT,1702115001165,14,6.6230
UNIUSDT,SELL,LIMIT,1702115046097,595,6.6166
UNIUSDT,SELL,LIMIT,1702115106209,118,6.6020
UNIUSDT,SELL,LIMIT,1702121164266,23,6.6014
UNIUSDT,BUY,LIMIT,1702130370842,278,6.7923
UNIUSDT,BUY,LIMIT,1702130472466,11,6.8031
UNIUSDT,SELL,LIMIT,1702132816788,117,6.6469
UNIUSDT,SELL,LIMIT,1702132939026,4,6.6294
UNIUSDT,SELL,LIMIT,1702132959092,102,6.6323
UNIUSDT,SELL,LIMIT,1702132992277,50,6.6173
UNIUSDT,SELL,LIMIT,1702133002271,19,6.6050
UNIUSDT,SELL,LIMIT,1702133004942,24,6.5978
UNIUSDT,SELL,LIMIT,1702133007127,812,6.5928
UNIUSDT,SELL,LIMIT,1702133008435,325,6.5919
UNIUSDT,SELL,LIMIT,1702133331133,99,6.5789
UNIUSDT,SELL,LIMIT,1702133343836,1000,6.5750
