Symbol,Side,Order Type,Time,Quantity,Price
USTCUSDT,BUY,LIMIT,1701916299420,1697,0.0477812
USTCUSDT,SELL,LIMIT,1701917214558,162,0.0458931
USTCUSDT,SELL,LIMIT,1701917259161,7421,0.0457872
USTCUSDT,SELL,LIMIT,1701917263001,1017,0.0457554
USTCUSDT,SELL,LIMIT,1701917601872,45448,0.0456677
USTCUSDT,SELL,LIMIT,1701917611537,7000,0.0455794
USTCUSDT,BUY,LIMIT,1701919126028,2059,0.0469847
USTCUSDT,BUY,LIMIT,1701919127102,2929,0.0471408
USTCUSDT,BUY,LIMIT,1701919154297,18497,0.0474509
USTCUSDT,BUY,LIMIT,1701919948421,1037,0.0474532
USTCUSDT,BUY,LIMIT,1701919950840,746,0.0474847
USTCUSDT,BUY,LIMIT,1701920673333,6330,0.0476669
USTCUSDT,BUY,LIMIT,1701920726311,13303,0.0477567
USTCUSDT,BUY,LIMIT,1701921978831,184,0.0481253
USTCUSDT,SELL,LIMIT,1701922630215,116,0.0462876
USTCUSDT,BUY,LIMIT,1701923848316,7814,0.0477652
USTCUSDT,SELL,LIMIT,1701924300674,1800,0.0464728
USTCUSDT,SELL,LIMIT,1701924501800,5891,0.0461800
USTCUSDT,SELL,LIMIT,1701924752902,134,0.0460893
USTCUSDT,SELL,LIMIT,1701924833132,496,0.0460581
USTCUSDT,SELL,LIMIT,1701924836874,733,0.0460291
USTCUSDT,SELL,LIMIT,1701925158761,1067,0.0459127
USTCUSDT,SELL,LIMIT,1701927761989,26758,0.0457537
USTCUSDT,SELL,LIMIT,1701927847123,565,0.0458993
USTCUSDT,SELL,LIMIT,1701927869198,5132,0.0456812
USTCUSDT,SELL,LIMIT,1701927921663,863,0.0456508
USTCUSDT,SELL,LIMIT,1701927980403,21844,0.0456226
USTCUSDT,SELL,LIMIT,1701928028639,14240,0.0456068
USTCUSDT,BUY,LIMIT,1701928985215,3174,0.0474291
USTCUSDT,BUY,LIMIT,1701929013295,6978,0.0474893
USTCUSDT,SELL,LIMIT,1701929372296,97173,0.0459996
USTCUSDT,BUY,LIMIT,1701929760017,26858,0.0475328
USTCUSDT,BUY,LIMIT,1701929897205,354,0.0469761
USTCUSDT,SELL,LIMIT,1701930137472,18447,0.0457831
USTCUSDT,SELL,LIMIT,1701930368311,938,0.0455822
USTCUSDT,SELL,LIMIT,1701930476280,1238,0.0455142
USTCUSDT,SELL,LIMIT,1701930795317,1060,0.0454699
USTCUSDT,SELL,LIMIT,1701931457319,53981,0.0450893
USTCUSDT,SELL,LIMIT,1701931549091,10620,0.0450365
USTCUSDT,SELL,LIMIT,1701931556448,18791,0.0449066
USTCUSDT,SELL,LIMIT,1701931557696,2119,0.0448320
USTCUSDT,SELL,LIMIT,1701931569293,2000,0.0448418
USTCUSDT,SELL,LIMIT,1701931584253,4751,0.0447499
USTCUSDT,SELL,LIMIT,1701931585293,329,0.0447179
USTCUSDT,SELL,LIMIT,1701931587112,10311,0.0447004
USTCUSDT,SELL,LIMIT,1701931588261,3091,0.0447016
USTCUSDT,SELL,LIMIT,1701931591089,26485,0.0446812
USTCUSDT,SELL,LIMIT,1701931654801,261,0.0447017
USTCUSDT,SELL,LIMIT,1701931690248,7749,0.0446621
USTCUSDT,SELL,LIMIT,1701931691368,20318,0.0446604
USTCUSDT,SELL,LIMIT,1701931718364,500,0.0446324
USTCUSDT,SELL,LIMIT,1701931753518,1165,0.0445896
USTCUSDT,SELL,LIMIT,1701931756959,2079,0.0446851
USTCUSDT,SELL,LIMIT,1701931773931,6191,0.0445158
USTCUSDT,SELL,LIMIT,1701931812917,101012,0.0445107
USTCUSDT,SELL,LIMIT,1701931821347,440,0.0444917
USTCUSDT,SELL,LIMIT,1701931829246,2079,0.0444920
USTCUSDT,SELL,LIMIT,1701931831902,5434,0.0444808
USTCUSDT,SELL,LIMIT,1701931832982,95911,0.0444689
USTCUSDT,SELL,LIMIT,1701931835102,6876,0.0444510
USTCUSDT,SELL,LIMIT,1701931925016,6789,0.0444466
USTCUSDT,SELL,LIMIT,1701931930073,949,0.0444381
USTCUSDT,SELL,LIMIT,1701931931298,1010,0.0444325
USTCUSDT,SELL,LIMIT,1701931932899,857,0.0444131
USTCUSDT,SELL,LIMIT,1701931934676,4470,0.0444114
USTCUSDT,SELL,LIMIT,1701931939001,2286,0.0444030
USTCUSDT,SELL,LIMIT,1701931948274,424,0.0443435
USTCUSDT,SELL,LIMIT,1701931949380,8724,0.0443641
USTCUSDT,SELL,LIMIT,1701932494291,103,0.0449250
USTCUSDT,BUY,LIMIT,1701932927015,11128,0.0461866
USTCUSDT,BUY,LIMIT,1701932931639,13300,0.0462343
USTCUSDT,SELL,LIMIT,1701933508145,1622,0.0449194
USTCUSDT,SELL,LIMIT,1701933519351,6288,0.0448577
USTCUSDT,BUY,LIMIT,1701936083355,112,0.0465512
USTCUSDT,BUY,LIMIT,1701936140730,25037,0.0466054
USTCUSDT,BUY,LIMIT,1701936160524,1534,0.0466846
USTCUSDT,BUY,LIMIT,1701936172560,41806,0.0467603
USTCUSDT,SELL,LIMIT,1701936784154,43478,0.0450893
USTCUSDT,SELL,LIMIT,1701936872259,376,0.0447340
USTCUSDT,SELL,LIMIT,1701936907102,2000,0.0446973
USTCUSDT,SELL,LIMIT,1701936920316,1957,0.0446219
USTCUSDT,SELL,LIMIT,1701936926140,11948,0.0445727
USTCUSDT,SELL,LIMIT,1701937345609,1936,0.0447866
USTCUSDT,BUY,LIMIT,1701938291151,3599,0.0470766
USTCUSDT,SELL,LIMIT,1701939351130,113,0.0451955
USTCUSDT,SELL,LIMIT,1701939370583,43245,0.0451668
USTCUSDT,SELL,LIMIT,1701939942904,40162,0.0454366
USTCUSDT,SELL,LIMIT,1701939961472,3932,0.0453889
USTCUSDT,SELL,LIMIT,1701939997056,1085,0.0451681
USTCUSDT,SELL,LIMIT,1701940024036,20000,0.0450512
USTCUSDT,SELL,LIMIT,1701940029243,113,0.0449897
USTCUSDT,SELL,LIMIT,1701940465111,15000,0.0452391
USTCUSDT,SELL,LIMIT,1701940468108,106762,0.0451825
USTCUSDT,SELL,LIMIT,1701940556647,1638,0.0449428
USTCUSDT,SELL,LIMIT,1701940564364,9231,0.0449534
USTCUSDT,SELL,LIMIT,1701940605365,7767,0.0451736
USTCUSDT,BUY,LIMIT,1701940837045,10954,0.0467039
USTCUSDT,SELL,LIMIT,1701941146709,156,0.0451584
USTCUSDT,SELL,LIMIT,1701941152757,32643,0.0450934
USTCUSDT,SELL,LIMIT,1701941158751,3308,0.0450737
USTCUSDT,SELL,LIMIT,1701941169468,3278,0.0450638
USTCUSDT,SELL,LIMIT,1701941174292,41818,0.0449520
USTCUSDT,SELL,LIMIT,1701941177142,7154,0.0449456
USTCUSDT,SELL,LIMIT,1701941180680,14205,0.0449259
USTCUSDT,SELL,LIMIT,1701941184148,417837,0.0445980
USTCUSDT,SELL,LIMIT,1701941186241,38106,0.0448002
USTCUSDT,SELL,LIMIT,1701941188407,387,0.0448694
USTCUSDT,SELL,LIMIT,1701941189499,2000,0.0447411
USTCUSDT,SELL,LIMIT,1701941207975,2143,0.0450513
USTCUSDT,SELL,LIMIT,1701941226209,25966,0.0446321
USTCUSDT,SELL,LIMIT,1701941233228,36483,0.0445970
USTCUSDT,SELL,LIMIT,1701941235093,13536,0.0445624
USTCUSDT,SELL,LIMIT,1701941238660,5000,0.0445556
USTCUSDT,SELL,LIMIT,1701941240093,4573,0.0445405
USTCUSDT,SELL,LIMIT,1701941243352,7086,0.0447803
USTCUSDT,SELL,LIMIT,1701941247114,12868,0.0444947
USTCUSDT,SELL,LIMIT,1701941248171,16339,0.0443513
USTCUSDT,SELL,LIMIT,1701941249341,6036,0.0442507
USTCUSDT,SELL,LIMIT,1701941250360,1271,0.0442630
USTCUSDT,SELL,LIMIT,1701941256240,1681,0.0442241
USTCUSDT,SELL,LIMIT,1701941257416,1333,0.0442161
USTCUSDT,BUY,LIMIT,1701941363436,14496,0.0459488
USTCUSDT,BUY,LIMIT,1701941536618,468,0.0464892
USTCUSDT,BUY,LIMIT,1701941726435,227,0.0467834
USTCUSDT,BUY,LIMIT,1701942363660,64275,0.0471702
USTCUSDT,BUY,LIMIT,1701942369100,41414,0.0472865
USTCUSDT,SELL,LIMIT,1701942484062,622,0.0456819
USTCUSDT,SELL,LIMIT,1701942524067,7350,0.0455962
USTCUSDT,SELL,LIMIT,1701942785011,4213,0.0453371
USTCUSDT,SELL,LIMIT,1701942805220,124,0.0453049
USTCUSDT,SELL,LIMIT,1701943402997,108695,0.0450893
USTCUSDT,SELL,LIMIT,1701943605282,3253,0.0450146
USTCUSDT,SELL,LIMIT,1701943606763,2949,0.0449900
USTCUSDT,SELL,LIMIT,1701943620642,108868,0.0449641
USTCUSDT,SELL,LIMIT,1701943670494,11638,0.0448659
USTCUSDT,SELL,LIMIT,1701944513451,5663,0.0449058
USTCUSDT,BUY,LIMIT,1701944792396,693,0.0464736
USTCUSDT,BUY,LIMIT,1701944864100,37433,0.0464467
USTCUSDT,SELL,LIMIT,1701945562947,46766,0.0448827
USTCUSDT,SELL,LIMIT,1701945940881,2177,0.0446990
USTCUSDT,SELL,LIMIT,1701945944790,4673,0.0446664
USTCUSDT,SELL,LIMIT,1701945953935,12830,0.0446189
USTCUSDT,SELL,LIMIT,1701945969503,846,0.0446060
USTCUSDT,SELL,LIMIT,1701945970875,109890,0.0445992
USTCUSDT,SELL,LIMIT,1701946110795,52737,0.0446503
USTCUSDT,SELL,LIMIT,1701946160033,54030,0.0445516
USTCUSDT,SELL,LIMIT,1701946178704,35925,0.0444106
USTCUSDT,SELL,LIMIT,1701946184081,2000,0.0444032
USTCUSDT,SELL,LIMIT,1701946185114,7666,0.0444031
USTCUSDT,SELL,LIMIT,1701946191339,21432,0.0443820
USTCUSDT,SELL,LIMIT,1701946479480,76649,0.0443578
USTCUSDT,SELL,LIMIT,1701947057418,3196,0.0442786
USTCUSDT,SELL,LIMIT,1701947061582,2225,0.0442711
USTCUSDT,SELL,LIMIT,1701947069871,110741,0.0442562
USTCUSDT,SELL,LIMIT,1701947095141,7239,0.0441997
USTCUSDT,SELL,LIMIT,1701947102770,3037,0.0441886
USTCUSDT,SELL,LIMIT,1701947113394,7039,0.0441945
USTCUSDT,SELL,LIMIT,1701947119547,11802,0.0441677
USTCUSDT,SELL,LIMIT,1701947122159,6282,0.0441439
USTCUSDT,SELL,LIMIT,1701947145224,7659,0.0441343
USTCUSDT,BUY,LIMIT,1701948091304,21508,0.0459419
USTCUSDT,BUY,LIMIT,1701948124402,3940,0.0460304
USTCUSDT,SELL,LIMIT,1701948950680,1101,0.0444813
USTCUSDT,SELL,LIMIT,1701949165882,1264,0.0443127
USTCUSDT,SELL,LIMIT,1701949198583,3680,0.0442800
USTCUSDT,SELL,LIMIT,1701949203775,4000,0.0442781
USTCUSDT,SELL,LIMIT,1701949319513,6509,0.0441730
USTCUSDT,SELL,LIMIT,1701949349208,17201,0.0440840
USTCUSDT,SELL,LIMIT,1701949350221,4439,0.0440962
USTCUSDT,SELL,LIMIT,1701949645193,3763,0.0440445
USTCUSDT,SELL,LIMIT,1701949650923,2527,0.0440356
USTCUSDT,SELL,LIMIT,1701949655211,9710,0.0440085
USTCUSDT,SELL,LIMIT,1701949656411,16052,0.0439972
USTCUSDT,SELL,LIMIT,1701949678145,34919,0.0439438
USTCUSDT,BUY,LIMIT,1701951341941,7116,0.0460437
USTCUSDT,BUY,LIMIT,1701951363330,23456,0.0460740
USTCUSDT,SELL,LIMIT,1701951373272,453,0.0463525
USTCUSDT,BUY,LIMIT,1701952049863,96803,0.0462125
USTCUSDT,BUY,LIMIT,1701952105560,849,0.0463558
USTCUSDT,BUY,LIMIT,1701952253465,12128,0.0464880
USTCUSDT,BUY,LIMIT,1701952316376,8958,0.0465674
USTCUSDT,SELL,LIMIT,1701952500344,37572,0.0447863
USTCUSDT,SELL,LIMIT,1701954916177,8233,0.0446845
USTCUSDT,SELL,LIMIT,1701956677938,13017,0.0445379
USTCUSDT,SELL,LIMIT,1701958401047,564,0.0444424
USTCUSDT,SELL,LIMIT,1701958406375,37752,0.0444118
USTCUSDT,SELL,LIMIT,1701958417439,3315,0.0444033
USTCUSDT,SELL,LIMIT,1701958584184,2525,0.0444035
USTCUSDT,SELL,LIMIT,1701958626296,51272,0.0442554
USTCUSDT,SELL,LIMIT,1701958849916,2403,0.0441120
USTCUSDT,SELL,LIMIT,1701958874477,2532,0.0441032
USTCUSDT,SELL,LIMIT,1701958909587,7697,0.0440195
USTCUSDT,SELL,LIMIT,1701959564164,99730,0.0444531
USTCUSDT,SELL,LIMIT,1701959724424,3649,0.0445201
USTCUSDT,SELL,LIMIT,1701960313260,1842,0.0439165
USTCUSDT,SELL,LIMIT,1701960314315,1391,0.0438559
USTCUSDT,SELL,LIMIT,1701960756086,983,0.0437807
USTCUSDT,SELL,LIMIT,1701960759110,1074,0.0437711
USTCUSDT,SELL,LIMIT,1701960760391,2193,0.0437540
USTCUSDT,SELL,LIMIT,1701960762189,93634,0.0437432
USTCUSDT,SELL,LIMIT,1701960764139,2491,0.0436765
USTCUSDT,BUY,LIMIT,1701961285403,1168,0.0454900
USTCUSDT,SELL,LIMIT,1701961876829,70765,0.0440884
USTCUSDT,BUY,LIMIT,1701961953095,21157,0.0456647
USTCUSDT,BUY,LIMIT,1701961981872,4203,0.0457144
USTCUSDT,BUY,LIMIT,1701962240378,13356,0.0458268
USTCUSDT,SELL,LIMIT,1701962836211,420,0.0476139
USTCUSDT,BUY,LIMIT,1701962842288,1586,0.0459996
USTCUSDT,SELL,LIMIT,1701963961595,21909,0.0444192
USTCUSDT,SELL,LIMIT,1701963982962,1047,0.0443594
USTCUSDT,SELL,LIMIT,1701964141320,34531,0.0442206
USTCUSDT,SELL,LIMIT,1701964143482,21965,0.0441846
USTCUSDT,SELL,LIMIT,1701964381511,111982,0.0442509
USTCUSDT,SELL,LIMIT,1701964628269,5013,0.0438029
USTCUSDT,SELL,LIMIT,1701964636964,162,0.0437802
USTCUSDT,SELL,LIMIT,1701964713176,66391,0.0437417
USTCUSDT,SELL,LIMIT,1701964747370,115,0.0436560
USTCUSDT,SELL,LIMIT,1701964781718,10932,0.0436215
USTCUSDT,SELL,LIMIT,1701964786005,1235,0.0435654
USTCUSDT,SELL,LIMIT,1701964845377,3397,0.0437701
USTCUSDT,SELL,LIMIT,1701964933991,3865,0.0435886
USTCUSDT,SELL,LIMIT,1701964935230,1033,0.0435666
USTCUSDT,SELL,LIMIT,1701964936234,7350,0.0435647
USTCUSDT,SELL,LIMIT,1701964939282,70604,0.0435034
USTCUSDT,SELL,LIMIT,1701964940569,68346,0.0434679
USTCUSDT,SELL,LIMIT,1701964941831,14462,0.0434530
USTCUSDT,SELL,LIMIT,1701965013172,29808,0.0448081
USTCUSDT,BUY,LIMIT,1701965057674,56567,0.0452485
USTCUSDT,SELL,LIMIT,1701965061409,4921,0.0447457
USTCUSDT,SELL,LIMIT,1701965574189,1841,0.0437678
USTCUSDT,SELL,LIMIT,1701965741791,6551,0.0434987
USTCUSDT,SELL,LIMIT,1701965759515,10284,0.0434045
USTCUSDT,SELL,LIMIT,1701965761458,450,0.0434004
USTCUSDT,SELL,LIMIT,1701965762794,942,0.0433888
USTCUSDT,SELL,LIMIT,1701965765084,8140,0.0433799
USTCUSDT,SELL,LIMIT,1701965766292,81,0.0433638
USTCUSDT,SELL,LIMIT,1701965778512,1031,0.0433259
USTCUSDT,SELL,LIMIT,1701965781333,27350,0.0433254
USTCUSDT,SELL,LIMIT,1701965952320,151,0.0433035
USTCUSDT,SELL,LIMIT,1701965956014,1620,0.0432887
USTCUSDT,SELL,LIMIT,1701965957127,425,0.0432798
USTCUSDT,SELL,LIMIT,1701965962245,21801,0.0432683
USTCUSDT,SELL,LIMIT,1701965964056,46781,0.0432457
USTCUSDT,SELL,LIMIT,1701965965061,87557,0.0432388
USTCUSDT,SELL,LIMIT,1701965966181,330,0.0431989
USTCUSDT,SELL,LIMIT,1701965967353,3357,0.0432006
USTCUSDT,SELL,LIMIT,1701966187937,3362,0.0434189
USTCUSDT,SELL,LIMIT,1701966364146,3000,0.0432270
USTCUSDT,SELL,LIMIT,1701966371590,2219,0.0431811
USTCUSDT,SELL,LIMIT,1701966372610,1389,0.0431427
USTCUSDT,SELL,LIMIT,1701966374344,360074,0.0428123
USTCUSDT,SELL,LIMIT,1701966375391,66417,0.0431299
USTCUSDT,SELL,LIMIT,1701966376438,184,0.0430870
USTCUSDT,SELL,LIMIT,1701966378241,73923,0.0430706
USTCUSDT,SELL,LIMIT,1701966380575,1761,0.0430570
USTCUSDT,SELL,LIMIT,1701966393176,417,0.0430391
USTCUSDT,SELL,LIMIT,1701966395117,19309,0.0430276
USTCUSDT,SELL,LIMIT,1701966397213,311353,0.0427404
USTCUSDT,SELL,LIMIT,1701966398480,2654,0.0430164
USTCUSDT,SELL,LIMIT,1701966402267,2294,0.0429882
USTCUSDT,SELL,LIMIT,1701966432067,4481,0.0429383
USTCUSDT,SELL,LIMIT,1701966433136,1000,0.0429379
USTCUSDT,SELL,LIMIT,1701966451402,67598,0.0429123
USTCUSDT,SELL,LIMIT,1701966452494,37698,0.0428670
USTCUSDT,SELL,LIMIT,1701966454312,10003,0.0428502
USTCUSDT,SELL,LIMIT,1701966455945,293,0.0428424
USTCUSDT,SELL,LIMIT,1701966459376,5951,0.0428433
USTCUSDT,SELL,LIMIT,1701966479414,4564,0.0428329
USTCUSDT,SELL,LIMIT,1701966517894,1963,0.0428311
USTCUSDT,SELL,LIMIT,1701966518970,133,0.0428155
USTCUSDT,SELL,LIMIT,1701966535291,797,0.0428002
USTCUSDT,SELL,LIMIT,1701966536406,1665,0.0427934
USTCUSDT,SELL,LIMIT,1701966537454,18488,0.0427735
USTCUSDT,SELL,LIMIT,1701966538520,582,0.0427883
USTCUSDT,SELL,LIMIT,1701966539602,3805,0.0427455
USTCUSDT,SELL,LIMIT,1701966541678,1219,0.0427309
USTCUSDT,SELL,LIMIT,1701966556538,140,0.0427220
USTCUSDT,SELL,LIMIT,1701966737376,11779,0.0427367
USTCUSDT,SELL,LIMIT,1701966741094,6652,0.0427062
USTCUSDT,SELL,LIMIT,1701966742132,328,0.0426897
USTCUSDT,SELL,LIMIT,1701966941292,1774,0.0427009
USTCUSDT,SELL,LIMIT,1701966949326,1686,0.0426847
USTCUSDT,SELL,LIMIT,1701966954484,8478,0.0426609
USTCUSDT,SELL,LIMIT,1701967029084,19266,0.0426090
USTCUSDT,SELL,LIMIT,1701967030150,2241,0.0425789
USTCUSDT,SELL,LIMIT,1701967031221,13498,0.0424782
USTCUSDT,SELL,LIMIT,1701967032229,29583,0.0425002
USTCUSDT,SELL,LIMIT,1701967033326,19660,0.0424731
USTCUSDT,SELL,LIMIT,1701967034351,80348,0.0424722
USTCUSDT,SELL,LIMIT,1701967041847,1131,0.0424534
USTCUSDT,SELL,LIMIT,1701967043268,173,0.0424181
USTCUSDT,SELL,LIMIT,1701967045953,442,0.0424086
USTCUSDT,SELL,LIMIT,1701967047122,433,0.0424077
USTCUSDT,SELL,LIMIT,1701967048195,229491,0.0421819
USTCUSDT,SELL,LIMIT,1701967095108,1471,0.0423913
USTCUSDT,SELL,LIMIT,1701967096354,683,0.0423569
USTCUSDT,SELL,LIMIT,1701967097603,2650,0.0423069
USTCUSDT,BUY,LIMIT,1701967172509,72036,0.0439246
USTCUSDT,SELL,LIMIT,1701967341713,34354,0.0425168
USTCUSDT,SELL,LIMIT,1701967414267,33274,0.0424232
USTCUSDT,SELL,LIMIT,1701967532679,1610,0.0423075
USTCUSDT,SELL,LIMIT,1701967534419,3473,0.0422868
USTCUSDT,SELL,LIMIT,1701967546229,10362,0.0422568
USTCUSDT,SELL,LIMIT,1701967547435,639,0.0422434
USTCUSDT,SELL,LIMIT,1701967551419,788,0.0422464
USTCUSDT,SELL,LIMIT,1701967560050,2805,0.0421953
USTCUSDT,SELL,LIMIT,1701967633750,2123,0.0421655
USTCUSDT,SELL,LIMIT,1701967635296,4138,0.0421488
USTCUSDT,SELL,LIMIT,1701967636319,23905,0.0421138
USTCUSDT,SELL,LIMIT,1701967638101,761,0.0421012
USTCUSDT,BUY,LIMIT,1701967735097,4670,0.0436651
USTCUSDT,SELL,LIMIT,1701967844632,38014,0.0422096
USTCUSDT,SELL,LIMIT,1701967856191,6966,0.0421589
USTCUSDT,SELL,LIMIT,1701967890356,1367,0.0420615
USTCUSDT,SELL,LIMIT,1701967891413,123,0.0420905
USTCUSDT,SELL,LIMIT,1701967894056,26812,0.0420453
USTCUSDT,BUY,LIMIT,1701968120769,2000,0.0436753
USTCUSDT,BUY,LIMIT,1701968154043,9618,0.0439122
USTCUSDT,BUY,LIMIT,1701968164603,382,0.0439611
USTCUSDT,SELL,LIMIT,1701968451631,367,0.0423833
USTCUSDT,SELL,LIMIT,1701968458533,1163,0.0423163
USTCUSDT,BUY,LIMIT,1701968962406,5554,0.0436244
USTCUSDT,BUY,LIMIT,1701968978645,143,0.0437053
USTCUSDT,BUY,LIMIT,1701969324383,139,0.0440525
USTCUSDT,BUY,LIMIT,1701969436305,4424,0.0437563
USTCUSDT,SELL,LIMIT,1701969606361,115767,0.0423948
USTCUSDT,SELL,LIMIT,1701969608054,139,0.0423555
USTCUSDT,SELL,LIMIT,1701969690141,2856,0.0422954
USTCUSDT,SELL,LIMIT,1701969709964,5795,0.0422773
USTCUSDT,SELL,LIMIT,1701969771271,308,0.0421935
USTCUSDT,SELL,LIMIT,1701969775701,269,0.0421678
USTCUSDT,SELL,LIMIT,1701969789067,6507,0.0420788
USTCUSDT,BUY,LIMIT,1701970213908,6622,0.0437902
USTCUSDT,SELL,LIMIT,1701970284251,5814,0.0425064
USTCUSDT,SELL,LIMIT,1701970376212,7609,0.0422631
USTCUSDT,SELL,LIMIT,1701970938302,132208,0.0422155
USTCUSDT,SELL,LIMIT,1701971061484,373,0.0421975
USTCUSDT,BUY,LIMIT,1701971113908,7752,0.0437587
USTCUSDT,BUY,LIMIT,1701971230394,289,0.0438066
USTCUSDT,SELL,LIMIT,1701971342494,3840,0.0425521
USTCUSDT,BUY,LIMIT,1701971415737,58356,0.0439024
USTCUSDT,BUY,LIMIT,1701971655420,444,0.0440043
USTCUSDT,BUY,LIMIT,1701972014480,85328,0.0440882
USTCUSDT,BUY,LIMIT,1701972078137,87583,0.0441360
USTCUSDT,SELL,LIMIT,1701973206193,18537,0.0426506
USTCUSDT,BUY,LIMIT,1701973702454,27025,0.0441062
USTCUSDT,SELL,LIMIT,1701973958455,3800,0.0425111
USTCUSDT,SELL,LIMIT,1701973967359,46132,0.0424106
USTCUSDT,SELL,LIMIT,1701973979454,24687,0.0423845
USTCUSDT,SELL,LIMIT,1701973983669,11422,0.0423434
USTCUSDT,SELL,LIMIT,1701973999081,10783,0.0422883
USTCUSDT,SELL,LIMIT,1701974242362,2555,0.0422960
USTCUSDT,SELL,LIMIT,1701974303071,11777,0.0421975
USTCUSDT,SELL,LIMIT,1701974803745,3268,0.0422369
USTCUSDT,SELL,LIMIT,1701974981241,181800,0.0419718
USTCUSDT,SELL,LIMIT,1701975015175,3609,0.0420533
USTCUSDT,SELL,LIMIT,1701975017304,89282,0.0420407
USTCUSDT,SELL,LIMIT,1701975018368,209,0.0420017
USTCUSDT,SELL,LIMIT,1701975019391,2967,0.0420280
USTCUSDT,SELL,LIMIT,1701975021189,1529,0.0419744
USTCUSDT,SELL,LIMIT,1701975026204,21382,0.0419653
USTCUSDT,BUY,LIMIT,1701975507251,118,0.0436082
USTCUSDT,BUY,LIMIT,1701975618034,44856,0.0437132
USTCUSDT,SELL,LIMIT,1701976294768,1880,0.0422200
USTCUSDT,SELL,LIMIT,1701977340582,9045,0.0423649
USTCUSDT,SELL,LIMIT,1701980330372,4660,0.0425578
USTCUSDT,SELL,LIMIT,1701980592588,7661,0.0424608
USTCUSDT,SELL,LIMIT,1701980620141,146,0.0424036
USTCUSDT,SELL,LIMIT,1701980849651,3704,0.0422737
USTCUSDT,SELL,LIMIT,1701981215890,2610,0.0422723
USTCUSDT,SELL,LIMIT,1701981519397,11868,0.0422527
USTCUSDT,SELL,LIMIT,1701981546486,2352,0.0421998
USTCUSDT,SELL,LIMIT,1701981552099,5902,0.0421859
USTCUSDT,SELL,LIMIT,1701981554870,753,0.0421721
USTCUSDT,SELL,LIMIT,1701981557283,20383,0.0421695
USTCUSDT,SELL,LIMIT,1701981566944,996,0.0421509
USTCUSDT,SELL,LIMIT,1701981625923,11198,0.0421067
USTCUSDT,SELL,LIMIT,1701981927513,1071,0.0420838
USTCUSDT,SELL,LIMIT,1701981988167,3995,0.0420592
USTCUSDT,SELL,LIMIT,1701982249585,553742,0.0416838
USTCUSDT,BUY,LIMIT,1701983044954,7370,0.0435020
USTCUSDT,SELL,LIMIT,1701983271721,115606,0.0421210
USTCUSDT,BUY,LIMIT,1701983870152,2734,0.0437049
USTCUSDT,BUY,LIMIT,1701983871560,1619,0.0438110
USTCUSDT,BUY,LIMIT,1701983902876,26595,0.0439331
USTCUSDT,BUY,LIMIT,1701984585094,1872,0.0437278
USTCUSDT,BUY,LIMIT,1701984851915,1980,0.0440876
USTCUSDT,BUY,LIMIT,1701984884697,87290,0.0441473
USTCUSDT,BUY,LIMIT,1701984898159,10963,0.0442188
USTCUSDT,BUY,LIMIT,1701984899278,87739,0.0442291
USTCUSDT,SELL,LIMIT,1701986127126,844,0.0425073
USTCUSDT,SELL,LIMIT,1701986199120,17317,0.0424278
USTCUSDT,SELL,LIMIT,1701986379283,51686,0.0423662
USTCUSDT,SELL,LIMIT,1701986386619,2322,0.0423361
USTCUSDT,SELL,LIMIT,1701987109059,21681,0.0423217
USTCUSDT,SELL,LIMIT,1701987211468,13055,0.0423020
USTCUSDT,SELL,LIMIT,1701987354884,14849,0.0422444
USTCUSDT,SELL,LIMIT,1701987423868,1887,0.0421884
USTCUSDT,SELL,LIMIT,1701987446262,1085,0.0421379
USTCUSDT,SELL,LIMIT,1701987497766,1163,0.0421005
USTCUSDT,SELL,LIMIT,1701987572262,853,0.0420300
USTCUSDT,SELL,LIMIT,1701987574033,61101,0.0420202
USTCUSDT,SELL,LIMIT,1701987582750,116,0.0419891
USTCUSDT,SELL,LIMIT,1701987584065,51957,0.0419611
USTCUSDT,SELL,LIMIT,1701987585092,10000,0.0419649
USTCUSDT,SELL,LIMIT,1701987586174,5542,0.0418272
USTCUSDT,SELL,LIMIT,1701987587202,307,0.0419378
USTCUSDT,SELL,LIMIT,1701987693257,4544,0.0418253
USTCUSDT,SELL,LIMIT,1701987784021,1186,0.0418247
USTCUSDT,SELL,LIMIT,1701987789275,10000,0.0418123
USTCUSDT,SELL,LIMIT,1701987793098,640,0.0417950
USTCUSDT,SELL,LIMIT,1701987796071,1187,0.0417841
USTCUSDT,SELL,LIMIT,1701987843224,6944,0.0417688
USTCUSDT,SELL,LIMIT,1701987844890,1829,0.0417596
USTCUSDT,SELL,LIMIT,1701988307501,439,0.0419414
USTCUSDT,SELL,LIMIT,1701988352126,15457,0.0419315
USTCUSDT,SELL,LIMIT,1701988353281,3123,0.0419315
USTCUSDT,SELL,LIMIT,1701988378372,930,0.0419118
USTCUSDT,SELL,LIMIT,1701988398064,18350,0.0417060
USTCUSDT,SELL,LIMIT,1701988399089,3724,0.0416586
USTCUSDT,SELL,LIMIT,1701988400846,67659,0.0415729
USTCUSDT,SELL,LIMIT,1701988403318,528,0.0415648
USTCUSDT,SELL,LIMIT,1701988404413,11730,0.0415478
USTCUSDT,SELL,LIMIT,1701988408100,10848,0.0415466
USTCUSDT,SELL,LIMIT,1701988410445,445972,0.0412368
USTCUSDT,SELL,LIMIT,1701988411884,117285,0.0415104
USTCUSDT,SELL,LIMIT,1701988417188,5892,0.0414772
USTCUSDT,SELL,LIMIT,1701988418210,58685,0.0414585
USTCUSDT,SELL,LIMIT,1701988427362,115466,0.0414245
USTCUSDT,SELL,LIMIT,1701988453448,101572,0.0414095
USTCUSDT,SELL,LIMIT,1701988456368,62053,0.0414068
USTCUSDT,SELL,LIMIT,1701988459079,319,0.0413986
USTCUSDT,SELL,LIMIT,1701988460364,57432,0.0413715
USTCUSDT,SELL,LIMIT,1701988461420,11502,0.0413339
USTCUSDT,SELL,LIMIT,1701988463307,40404,0.0412673
USTCUSDT,BUY,LIMIT,1701988713182,2092,0.0428335
USTCUSDT,SELL,LIMIT,1701989546396,802,0.0414052
USTCUSDT,SELL,LIMIT,1701989601912,29012,0.0413110
USTCUSDT,BUY,LIMIT,1701990980355,1133,0.0429273
USTCUSDT,SELL,LIMIT,1701991729146,3395,0.0415159
USTCUSDT,BUY,LIMIT,1701991886797,339,0.0430021
USTCUSDT,SELL,LIMIT,1701992513172,2334,0.0416360
USTCUSDT,BUY,LIMIT,1701993637037,760,0.0433166
USTCUSDT,BUY,LIMIT,1701995363524,11792,0.0441081
USTCUSDT,BUY,LIMIT,1701995745373,14910,0.0441443
USTCUSDT,BUY,LIMIT,1701995849437,13143,0.0442067
USTCUSDT,BUY,LIMIT,1701995869661,4343,0.0442929
USTCUSDT,BUY,LIMIT,1701995876828,9349,0.0443118
USTCUSDT,BUY,LIMIT,1701995914974,83226,0.0443738
USTCUSDT,BUY,LIMIT,1701995936448,18320,0.0443936
USTCUSDT,BUY,LIMIT,1701996004151,21699,0.0444616
USTCUSDT,BUY,LIMIT,1701996009983,9476,0.0445168
USTCUSDT,BUY,LIMIT,1701996011493,646,0.0445243
USTCUSDT,BUY,LIMIT,1701996013288,3293,0.0445489
USTCUSDT,BUY,LIMIT,1701996014390,1052,0.0445499
USTCUSDT,BUY,LIMIT,1701996047206,863,0.0446229
USTCUSDT,SELL,LIMIT,1701996171318,112917,0.0429133
USTCUSDT,BUY,LIMIT,1701996961127,114594,0.0445136
USTCUSDT,SELL,LIMIT,1701997652070,20112,0.0427762
USTCUSDT,SELL,LIMIT,1701997663592,7837,0.0426990
USTCUSDT,SELL,LIMIT,1701997725494,57234,0.0427396
USTCUSDT,SELL,LIMIT,1701998110829,3904,0.0425913
USTCUSDT,SELL,LIMIT,1701999391528,2770,0.0424521
USTCUSDT,BUY,LIMIT,1702000681242,100608,0.0439631
USTCUSDT,SELL,LIMIT,1702001829487,1001,0.0425001
USTCUSDT,SELL,LIMIT,1702002241079,31950,0.0424521
USTCUSDT,SELL,LIMIT,1702002294514,975,0.0423838
USTCUSDT,SELL,LIMIT,1702002701217,132,0.0423609
USTCUSDT,SELL,LIMIT,1702002703879,2772,0.0423342
USTCUSDT,SELL,LIMIT,1702002728194,2070,0.0422552
USTCUSDT,SELL,LIMIT,1702002758336,114636,0.0422344
USTCUSDT,SELL,LIMIT,1702002798227,5757,0.0421750
USTCUSDT,SELL,LIMIT,1702002802391,99009,0.0421418
USTCUSDT,SELL,LIMIT,1702002863935,20594,0.0420990
USTCUSDT,SELL,LIMIT,1702002870455,2990,0.0420769
USTCUSDT,SELL,LIMIT,1702003148358,55172,0.0420587
USTCUSDT,SELL,LIMIT,1702003556999,32016,0.0420399
USTCUSDT,SELL,LIMIT,1702003629395,7292,0.0419315
USTCUSDT,SELL,LIMIT,1702003666857,83224,0.0420132
USTCUSDT,SELL,LIMIT,1702003689804,114548,0.0419120
USTCUSDT,SELL,LIMIT,1702003696396,3693,0.0418530
USTCUSDT,SELL,LIMIT,1702003706256,1006,0.0418148
USTCUSDT,SELL,LIMIT,1702003722358,3997,0.0418429
USTCUSDT,SELL,LIMIT,1702003723630,4758,0.0418330
USTCUSDT,SELL,LIMIT,1702003959856,1254,0.0420563
USTCUSDT,SELL,LIMIT,1702004580789,3652,0.0420959
USTCUSDT,SELL,LIMIT,1702004803040,74798,0.0418989
USTCUSDT,SELL,LIMIT,1702006329341,52659,0.0422340
USTCUSDT,SELL,LIMIT,1702006847499,68554,0.0421503
USTCUSDT,BUY,LIMIT,1702007774601,40087,0.0437494
USTCUSDT,BUY,LIMIT,1702008381851,29022,0.0439411
USTCUSDT,SELL,LIMIT,1702010120291,4564,0.0424473
USTCUSDT,BUY,LIMIT,1702011775199,19945,0.0440775
USTCUSDT,BUY,LIMIT,1702012315379,13541,0.0443001
USTCUSDT,BUY,LIMIT,1702012682230,15252,0.0444126
USTCUSDT,BUY,LIMIT,1702013292352,67,0.0446440
USTCUSDT,BUY,LIMIT,1702013372775,19886,0.0447361
USTCUSDT,BUY,LIMIT,1702013392067,13183,0.0447499
USTCUSDT,BUY,LIMIT,1702013394059,4291,0.0447692
USTCUSDT,BUY,LIMIT,1702013403170,560,0.0448070
USTCUSDT,BUY,LIMIT,1702013415664,84222,0.0448712
USTCUSDT,BUY,LIMIT,1702013428597,6964,0.0449575
USTCUSDT,BUY,LIMIT,1702013431040,9626,0.0449831
USTCUSDT,BUY,LIMIT,1702013432825,21644,0.0450249
USTCUSDT,BUY,LIMIT,1702013434562,541,0.0450313
USTCUSDT,BUY,LIMIT,1702013435627,36383,0.0450495
USTCUSDT,BUY,LIMIT,1702013442064,69270,0.0451552
USTCUSDT,BUY,LIMIT,1702013443173,1970,0.0453384
USTCUSDT,BUY,LIMIT,1702013445931,800,0.0453512
USTCUSDT,BUY,LIMIT,1702013448707,77673,0.0454062
USTCUSDT,BUY,LIMIT,1702013452493,1102,0.0454896
USTCUSDT,BUY,LIMIT,1702013456543,500,0.0454677
USTCUSDT,BUY,LIMIT,1702013458298,24352,0.0455030
USTCUSDT,BUY,LIMIT,1702013488133,3453,0.0456175
USTCUSDT,BUY,LIMIT,1702013494971,26508,0.0457601
USTCUSDT,BUY,LIMIT,1702013496187,36184,0.0457778
USTCUSDT,BUY,LIMIT,1702013502032,118259,0.0459043
USTCUSDT,BUY,LIMIT,1702013576732,2000,0.0461223
USTCUSDT,BUY,LIMIT,1702013583124,2333,0.0461744
USTCUSDT,BUY,LIMIT,1702013587813,287,0.0462423
USTCUSDT,BUY,LIMIT,1702013593239,4738,0.0462822
USTCUSDT,BUY,LIMIT,1702013653751,50422,0.0463153
USTCUSDT,BUY,LIMIT,1702013655737,32536,0.0464009
USTCUSDT,BUY,LIMIT,1702013656801,322,0.0464588
USTCUSDT,BUY,LIMIT,1702013658365,8081,0.0465276
USTCUSDT,BUY,LIMIT,1702013659688,5344,0.0466048
USTCUSDT,BUY,LIMIT,1702013716946,3610,0.0467747
USTCUSDT,BUY,LIMIT,1702013720478,1402,0.0469132
USTCUSDT,BUY,LIMIT,1702013722924,15967,0.0468983
USTCUSDT,BUY,LIMIT,1702013730298,703,0.0469248
USTCUSDT,BUY,LIMIT,1702013731716,11336,0.0469768
USTCUSDT,BUY,LIMIT,1702013736272,31329,0.0470739
USTCUSDT,BUY,LIMIT,1702013739359,34930,0.0471307
USTCUSDT,BUY,LIMIT,1702013743443,2334,0.0472410
USTCUSDT,BUY,LIMIT,1702013759067,10000,0.0473321
USTCUSDT,BUY,LIMIT,1702013760203,1778,0.0473369
USTCUSDT,BUY,LIMIT,1702013763463,1000,0.0473644
USTCUSDT,BUY,LIMIT,1702013765204,2596,0.0474993
USTCUSDT,BUY,LIMIT,1702013772253,579,0.0475409
USTCUSDT,BUY,LIMIT,1702013776210,6293,0.0476039
USTCUSDT,BUY,LIMIT,1702013788052,59101,0.0476834
USTCUSDT,BUY,LIMIT,1702013790811,1500,0.0477363
USTCUSDT,SELL,LIMIT,1702013811650,26497,0.0459508
USTCUSDT,BUY,LIMIT,1702013837607,207536,0.0481532
USTCUSDT,BUY,LIMIT,1702013840927,9732,0.0480835
USTCUSDT,BUY,LIMIT,1702013841991,373,0.0481214
USTCUSDT,BUY,LIMIT,1702013858290,29823,0.0482422
USTCUSDT,SELL,LIMIT,1702013866318,168,0.0466427
USTCUSDT,BUY,LIMIT,1702013880565,40324,0.0483665
USTCUSDT,SELL,LIMIT,1702013911470,200,0.0462842
USTCUSDT,SELL,LIMIT,1702014021696,153,0.0459543
USTCUSDT,SELL,LIMIT,1702014070741,30993,0.0459421
USTCUSDT,SELL,LIMIT,1702014082043,1070,0.0457895
USTCUSDT,SELL,LIMIT,1702014089967,15119,0.0456685
USTCUSDT,SELL,LIMIT,1702014130849,2145,0.0457073
USTCUSDT,SELL,LIMIT,1702014218427,19289,0.0455429
USTCUSDT,SELL,LIMIT,1702014320365,7138,0.0454128
USTCUSDT,SELL,LIMIT,1702014321691,27027,0.0453291
USTCUSDT,SELL,LIMIT,1702014354804,2179,0.0452761
USTCUSDT,SELL,LIMIT,1702014368457,4262,0.0452213
USTCUSDT,BUY,LIMIT,1702014455765,2180,0.0467788
USTCUSDT,BUY,LIMIT,1702014483000,1702,0.0471208
USTCUSDT,BUY,LIMIT,1702014500630,10000,0.0473520
USTCUSDT,SELL,LIMIT,1702014562764,2143,0.0457008
USTCUSDT,BUY,LIMIT,1702014665755,9605,0.0476434
USTCUSDT,SELL,LIMIT,1702014672416,8422,0.0459405
USTCUSDT,BUY,LIMIT,1702014857700,331,0.0472626
USTCUSDT,BUY,LIMIT,1702015003817,61956,0.0477828
USTCUSDT,BUY,LIMIT,1702015126360,10150,0.0479674
USTCUSDT,BUY,LIMIT,1702015138367,530640,0.0484459
USTCUSDT,BUY,LIMIT,1702015142090,14328,0.0481549
USTCUSDT,SELL,LIMIT,1702015219827,74589,0.0459747
USTCUSDT,SELL,LIMIT,1702015272364,68191,0.0457849
USTCUSDT,SELL,LIMIT,1702015524093,106609,0.0457718
USTCUSDT,SELL,LIMIT,1702015565459,2169,0.0456877
USTCUSDT,SELL,LIMIT,1702015568154,135,0.0456195
USTCUSDT,SELL,LIMIT,1702015569333,7634,0.0455785
USTCUSDT,SELL,LIMIT,1702015582366,18378,0.0455439
USTCUSDT,BUY,LIMIT,1702015600336,52237,0.0472307
USTCUSDT,SELL,LIMIT,1702015748507,52305,0.0454097
USTCUSDT,SELL,LIMIT,1702015751385,1057,0.0453729
USTCUSDT,SELL,LIMIT,1702015829678,963,0.0451286
USTCUSDT,SELL,LIMIT,1702015984091,108672,0.0450670
USTCUSDT,SELL,LIMIT,1702016023385,2085,0.0449869
USTCUSDT,SELL,LIMIT,1702016029146,639,0.0449636
USTCUSDT,SELL,LIMIT,1702016327807,108459,0.0450596
USTCUSDT,SELL,LIMIT,1702016334211,22302,0.0449477
USTCUSDT,SELL,LIMIT,1702016338131,4635,0.0448157
USTCUSDT,SELL,LIMIT,1702016339777,298,0.0447261
USTCUSDT,SELL,LIMIT,1702017211654,2874,0.0446673
USTCUSDT,SELL,LIMIT,1702017214317,2105,0.0446053
USTCUSDT,SELL,LIMIT,1702017216127,3615,0.0446003
USTCUSDT,SELL,LIMIT,1702017224078,255,0.0445497
USTCUSDT,SELL,LIMIT,1702017225329,36560,0.0445097
USTCUSDT,SELL,LIMIT,1702017226467,2208,0.0444724
USTCUSDT,SELL,LIMIT,1702017256141,427,0.0444159
USTCUSDT,SELL,LIMIT,1702017257342,13185,0.0443415
USTCUSDT,SELL,LIMIT,1702017258371,6802,0.0443984
USTCUSDT,SELL,LIMIT,1702017302225,1188,0.0442251
USTCUSDT,SELL,LIMIT,1702017303735,36209,0.0441928
USTCUSDT,SELL,LIMIT,1702017305405,169,0.0441497
USTCUSDT,BUY,LIMIT,1702018629547,1047,0.0461738
USTCUSDT,SELL,LIMIT,1702019121057,114,0.0443449
USTCUSDT,BUY,LIMIT,1702019602571,48592,0.0458204
USTCUSDT,SELL,LIMIT,1702019821803,3434,0.0442321
USTCUSDT,SELL,LIMIT,1702020163137,2247,0.0440805
USTCUSDT,SELL,LIMIT,1702020164226,2152,0.0440690
USTCUSDT,SELL,LIMIT,1702020177198,161,0.0439990
USTCUSDT,SELL,LIMIT,1702020180097,2045,0.0439943
USTCUSDT,SELL,LIMIT,1702020501366,15000,0.0440000
USTCUSDT,SELL,LIMIT,1702020563498,854,0.0439343
USTCUSDT,SELL,LIMIT,1702020564686,23360,0.0438546
USTCUSDT,SELL,LIMIT,1702020652121,1533,0.0437888
USTCUSDT,SELL,LIMIT,1702020653128,156911,0.0436585
USTCUSDT,SELL,LIMIT,1702020654508,639,0.0437171
USTCUSDT,BUY,LIMIT,1702020998208,2232,0.0454308
USTCUSDT,BUY,LIMIT,1702021039773,6135,0.0456139
USTCUSDT,BUY,LIMIT,1702021237158,79554,0.0456870
USTCUSDT,SELL,LIMIT,1702022556257,1956,0.0440951
USTCUSDT,SELL,LIMIT,1702022558078,5527,0.0440676
USTCUSDT,SELL,LIMIT,1702022850142,9719,0.0441416
USTCUSDT,SELL,LIMIT,1702022983161,4227,0.0440895
USTCUSDT,SELL,LIMIT,1702022996258,188,0.0440507
USTCUSDT,SELL,LIMIT,1702023002472,77950,0.0440142
USTCUSDT,SELL,LIMIT,1702023010279,7020,0.0439750
USTCUSDT,SELL,LIMIT,1702023049270,850,0.0439145
USTCUSDT,BUY,LIMIT,1702023181503,16541,0.0456838
USTCUSDT,SELL,LIMIT,1702024248148,36228,0.0439864
USTCUSDT,SELL,LIMIT,1702024430156,9870,0.0438327
USTCUSDT,SELL,LIMIT,1702024850212,6202,0.0437500
USTCUSDT,SELL,LIMIT,1702024948012,4520,0.0437037
USTCUSDT,SELL,LIMIT,1702024958299,17151,0.0436540
USTCUSDT,SELL,LIMIT,1702024959730,23442,0.0436191
USTCUSDT,SELL,LIMIT,1702024962122,500,0.0436140
USTCUSDT,BUY,LIMIT,1702025315419,3617,0.0452343
USTCUSDT,BUY,LIMIT,1702026454401,2257,0.0452060
USTCUSDT,SELL,LIMIT,1702028363039,111706,0.0438743
USTCUSDT,SELL,LIMIT,1702028400087,32165,0.0438553
USTCUSDT,SELL,LIMIT,1702028404426,28944,0.0438440
USTCUSDT,SELL,LIMIT,1702028504335,54932,0.0437094
USTCUSDT,SELL,LIMIT,1702028565078,5497,0.0437530
USTCUSDT,SELL,LIMIT,1702028805224,546,0.0435303
USTCUSDT,SELL,LIMIT,1702029060661,625,0.0433989
USTCUSDT,SELL,LIMIT,1702029131254,80321,0.0433782
USTCUSDT,SELL,LIMIT,1702029139012,275512,0.0430932
USTCUSDT,SELL,LIMIT,1702029140090,5774,0.0433042
USTCUSDT,SELL,LIMIT,1702029141194,4395,0.0432212
USTCUSDT,SELL,LIMIT,1702030058534,1129,0.0436381
USTCUSDT,BUY,LIMIT,1702033654140,930,0.0457614
USTCUSDT,BUY,LIMIT,1702034457774,4487,0.0458976
USTCUSDT,BUY,LIMIT,1702034461209,33838,0.0459521
USTCUSDT,BUY,LIMIT,1702034463419,112661,0.0459805
USTCUSDT,BUY,LIMIT,1702034475013,83406,0.0460125
USTCUSDT,BUY,LIMIT,1702034489064,3997,0.0461049
USTCUSDT,BUY,LIMIT,1702034505369,11253,0.0461849
USTCUSDT,BUY,LIMIT,1702034543468,4715,0.0463970
USTCUSDT,BUY,LIMIT,1702034552158,28300,0.0464280
USTCUSDT,SELL,LIMIT,1702034600689,1865,0.0448282
USTCUSDT,SELL,LIMIT,1702034697994,1348,0.0447709
USTCUSDT,SELL,LIMIT,1702034735364,5874,0.0446823
USTCUSDT,BUY,LIMIT,1702034783067,13475,0.0461536
USTCUSDT,BUY,LIMIT,1702035163596,1245,0.0463011
USTCUSDT,BUY,LIMIT,1702035372763,821,0.0464953
USTCUSDT,BUY,LIMIT,1702035395504,6675,0.0465538
USTCUSDT,BUY,LIMIT,1702035411207,22291,0.0465705
USTCUSDT,BUY,LIMIT,1702035700246,1377,0.0467042
USTCUSDT,BUY,LIMIT,1702035774148,17185,0.0465113
USTCUSDT,SELL,LIMIT,1702036030944,11362,0.0450181
USTCUSDT,SELL,LIMIT,1702036319842,109170,0.0448869
USTCUSDT,SELL,LIMIT,1702036836090,109865,0.0446128
USTCUSDT,SELL,LIMIT,1702036868560,8836,0.0445848
USTCUSDT,SELL,LIMIT,1702036871143,793,0.0445630
USTCUSDT,SELL,LIMIT,1702037062268,17538,0.0445122
USTCUSDT,BUY,LIMIT,1702037421393,5630,0.0460712
USTCUSDT,SELL,LIMIT,1702040316704,32386,0.0443689
USTCUSDT,SELL,LIMIT,1702040414804,86803,0.0443528
USTCUSDT,SELL,LIMIT,1702040419342,112,0.0442562
USTCUSDT,SELL,LIMIT,1702040482399,2176,0.0441525
USTCUSDT,SELL,LIMIT,1702040799210,29316,0.0438997
USTCUSDT,SELL,LIMIT,1702040800254,24295,0.0439060
USTCUSDT,SELL,LIMIT,1702041590812,293,0.0441876
USTCUSDT,SELL,LIMIT,1702042229075,14825,0.0441085
USTCUSDT,SELL,LIMIT,1702042240063,115934,0.0439972
USTCUSDT,SELL,LIMIT,1702042247312,235,0.0439660
USTCUSDT,BUY,LIMIT,1702042949434,657,0.0457791
USTCUSDT,BUY,LIMIT,1702043127403,16299,0.0461051
USTCUSDT,SELL,LIMIT,1702043780873,1509,0.0443795
USTCUSDT,SELL,LIMIT,1702044353468,42743,0.0441483
USTCUSDT,SELL,LIMIT,1702044885210,31024,0.0438237
USTCUSDT,SELL,LIMIT,1702045382504,98714,0.0437533
USTCUSDT,SELL,LIMIT,1702045386207,20490,0.0437170
USTCUSDT,BUY,LIMIT,1702045972764,249,0.0455178
USTCUSDT,SELL,LIMIT,1702047218411,1751,0.0439997
USTCUSDT,SELL,LIMIT,1702047257630,1312,0.0439614
USTCUSDT,SELL,LIMIT,1702047718632,526,0.0441625
USTCUSDT,SELL,LIMIT,1702048646328,4055,0.0439388
USTCUSDT,SELL,LIMIT,1702048996023,829,0.0437808
USTCUSDT,SELL,LIMIT,1702049036081,11059,0.0437062
USTCUSDT,SELL,LIMIT,1702049342499,895,0.0435990
USTCUSDT,SELL,LIMIT,1702049345239,4761,0.0435968
USTCUSDT,SELL,LIMIT,1702049346619,435,0.0435811
USTCUSDT,SELL,LIMIT,1702049348739,256,0.0435673
USTCUSDT,SELL,LIMIT,1702049357439,16912,0.0435377
USTCUSDT,SELL,LIMIT,1702049371680,3345,0.0435312
USTCUSDT,SELL,LIMIT,1702049373271,15009,0.0435135
USTCUSDT,SELL,LIMIT,1702049498175,2861,0.0434780
USTCUSDT,SELL,LIMIT,1702049541373,112,0.0434508
USTCUSDT,SELL,LIMIT,1702049542617,35149,0.0434503
USTCUSDT,SELL,LIMIT,1702049544565,4944,0.0434221
USTCUSDT,SELL,LIMIT,1702049547101,8116,0.0434166
USTCUSDT,SELL,LIMIT,1702049868892,26095,0.0433678
USTCUSDT,SELL,LIMIT,1702050247065,999,0.0435344
USTCUSDT,SELL,LIMIT,1702050705618,774,0.0435621
USTCUSDT,SELL,LIMIT,1702050949524,1000,0.0433860
USTCUSDT,SELL,LIMIT,1702050951782,12955,0.0432768
USTCUSDT,SELL,LIMIT,1702051503103,1902,0.0435336
USTCUSDT,SELL,LIMIT,1702052833047,184420,0.0434140
USTCUSDT,SELL,LIMIT,1702052893602,889,0.0435162
USTCUSDT,BUY,LIMIT,1702053050251,23354,0.0449867
USTCUSDT,BUY,LIMIT,1702053069604,97857,0.0450501
USTCUSDT,BUY,LIMIT,1702053163908,113250,0.0451324
USTCUSDT,BUY,LIMIT,1702054095079,422,0.0453155
USTCUSDT,SELL,LIMIT,1702054783648,1629,0.0437300
USTCUSDT,SELL,LIMIT,1702054879131,141,0.0436396
USTCUSDT,SELL,LIMIT,1702055001989,2260,0.0435767
USTCUSDT,SELL,LIMIT,1702055006031,113,0.0435700
USTCUSDT,SELL,LIMIT,1702055010448,1749,0.0434943
USTCUSDT,SELL,LIMIT,1702055031147,1185,0.0434038
USTCUSDT,SELL,LIMIT,1702055134386,452,0.0433159
USTCUSDT,SELL,LIMIT,1702055221139,838,0.0432313
USTCUSDT,SELL,LIMIT,1702055222437,15864,0.0431712
USTCUSDT,SELL,LIMIT,1702055224169,72690,0.0430552
USTCUSDT,SELL,LIMIT,1702055225186,3613,0.0429988
USTCUSDT,SELL,LIMIT,1702055284436,557,0.0429652
USTCUSDT,SELL,LIMIT,1702055297491,9466,0.0429522
USTCUSDT,SELL,LIMIT,1702055300315,39264,0.0429329
USTCUSDT,SELL,LIMIT,1702055301772,42523,0.0429214
USTCUSDT,SELL,LIMIT,1702055303602,2848,0.0428601
USTCUSDT,SELL,LIMIT,1702055305490,204,0.0428485
USTCUSDT,SELL,LIMIT,1702055617735,445,0.0430258
USTCUSDT,SELL,LIMIT,1702056434857,26378,0.0429721
USTCUSDT,SELL,LIMIT,1702057978697,10763,0.0428925
USTCUSDT,SELL,LIMIT,1702058621969,31507,0.0428626
USTCUSDT,SELL,LIMIT,1702058684283,137,0.0428539
USTCUSDT,SELL,LIMIT,1702058692150,2492,0.0428277
USTCUSDT,SELL,LIMIT,1702060844151,26766,0.0427885
USTCUSDT,SELL,LIMIT,1702060845795,13368,0.0427750
USTCUSDT,SELL,LIMIT,1702060859078,12391,0.0427322
USTCUSDT,SELL,LIMIT,1702060944246,320,0.0427239
USTCUSDT,SELL,LIMIT,1702060956255,2106,0.0426941
USTCUSDT,SELL,LIMIT,1702060958295,22817,0.0426370
USTCUSDT,SELL,LIMIT,1702060959436,5568,0.0426537
USTCUSDT,SELL,LIMIT,1702060990695,118,0.0435192
USTCUSDT,SELL,LIMIT,1702063207041,136,0.0429239
USTCUSDT,BUY,LIMIT,1702066108615,1539,0.0445705
USTCUSDT,BUY,LIMIT,1702066753398,57553,0.0445846
USTCUSDT,BUY,LIMIT,1702069361564,1520,0.0451842
USTCUSDT,SELL,LIMIT,1702069615098,1124,0.0435455
USTCUSDT,SELL,LIMIT,1702069620479,72943,0.0435186
USTCUSDT,SELL,LIMIT,1702070494567,112109,0.0434230
USTCUSDT,SELL,LIMIT,1702070732706,510851,0.0431442
USTCUSDT,BUY,LIMIT,1702072549295,459,0.0452967
USTCUSDT,SELL,LIMIT,1702073551294,22429,0.0436583
USTCUSDT,SELL,LIMIT,1702073606789,450,0.0436199
USTCUSDT,SELL,LIMIT,1702077841867,6057,0.0435504
USTCUSDT,BUY,LIMIT,1702078607479,2214,0.0450657
USTCUSDT,SELL,LIMIT,1702079763365,33278,0.0436066
USTCUSDT,SELL,LIMIT,1702079798507,112985,0.0435993
USTCUSDT,SELL,LIMIT,1702079805712,1604,0.0435773
USTCUSDT,BUY,LIMIT,1702080023127,1461,0.0445283
USTCUSDT,SELL,LIMIT,1702080277047,55321,0.0437279
USTCUSDT,BUY,LIMIT,1702080974964,378,0.0453562
USTCUSDT,BUY,LIMIT,1702080989460,9887,0.0454261
USTCUSDT,BUY,LIMIT,1702081033339,1498,0.0455594
USTCUSDT,BUY,LIMIT,1702081362442,186,0.0455948
USTCUSDT,BUY,LIMIT,1702081592603,200,0.0457915
USTCUSDT,BUY,LIMIT,1702082123509,17229,0.0456363
USTCUSDT,BUY,LIMIT,1702082713344,11885,0.0455544
USTCUSDT,SELL,LIMIT,1702082910436,216,0.0474610
USTCUSDT,SELL,LIMIT,1702083054629,3280,0.0442268
USTCUSDT,SELL,LIMIT,1702083888577,2290,0.0439803
USTCUSDT,SELL,LIMIT,1702083909432,28915,0.0439442
USTCUSDT,SELL,LIMIT,1702084103269,1527,0.0436937
USTCUSDT,SELL,LIMIT,1702084110296,268,0.0436394
USTCUSDT,BUY,LIMIT,1702084607099,2755,0.0454493
USTCUSDT,BUY,LIMIT,1702085091542,111931,0.0455410
USTCUSDT,BUY,LIMIT,1702085579796,2914,0.0460909
USTCUSDT,BUY,LIMIT,1702085581754,2625,0.0460958
USTCUSDT,BUY,LIMIT,1702085597466,57444,0.0461352
USTCUSDT,BUY,LIMIT,1702085626369,870,0.0462335
USTCUSDT,BUY,LIMIT,1702085658676,11471,0.0463175
USTCUSDT,BUY,LIMIT,1702085702601,112,0.0464010
USTCUSDT,BUY,LIMIT,1702085851558,55979,0.0464653
USTCUSDT,BUY,LIMIT,1702085853583,89412,0.0464900
USTCUSDT,BUY,LIMIT,1702085867165,203160,0.0467346
USTCUSDT,BUY,LIMIT,1702085874241,3981,0.0465681
USTCUSDT,SELL,LIMIT,1702087268176,391,0.0443240
USTCUSDT,SELL,LIMIT,1702087813175,2578,0.0441068
USTCUSDT,SELL,LIMIT,1702087976861,7131,0.0439665
USTCUSDT,SELL,LIMIT,1702088581408,349,0.0438187
USTCUSDT,SELL,LIMIT,1702088583535,427,0.0437751
USTCUSDT,BUY,LIMIT,1702090903159,105131,0.0459419
USTCUSDT,BUY,LIMIT,1702090907127,3619,0.0459851
USTCUSDT,SELL,LIMIT,1702091203209,87851,0.0443500
USTCUSDT,SELL,LIMIT,1702092382992,5555,0.0445615
USTCUSDT,SELL,LIMIT,1702092450981,1061,0.0445910
USTCUSDT,BUY,LIMIT,1702094764986,5601,0.0460760
USTCUSDT,SELL,LIMIT,1702095445624,1773,0.0443981
USTCUSDT,SELL,LIMIT,1702097847242,702,0.0448933
USTCUSDT,BUY,LIMIT,1702097849637,1870,0.0462637
USTCUSDT,SELL,LIMIT,1702098021070,79638,0.0448073
USTCUSDT,SELL,LIMIT,1702098257410,21800,0.0446895
USTCUSDT,SELL,LIMIT,1702098282741,155,0.0446587
USTCUSDT,SELL,LIMIT,1702098940334,7709,0.0443947
USTCUSDT,SELL,LIMIT,1702099007425,1060,0.0443346
USTCUSDT,SELL,LIMIT,1702099038800,11376,0.0442561
USTCUSDT,SELL,LIMIT,1702099066154,210,0.0442061
USTCUSDT,SELL,LIMIT,1702099067236,5765,0.0442403
USTCUSDT,SELL,LIMIT,1702099965236,132,0.0439225
USTCUSDT,BUY,LIMIT,1702100475929,4995,0.0456159
USTCUSDT,SELL,LIMIT,1702102340396,19498,0.0443841
USTCUSDT,BUY,LIMIT,1702103220170,7729,0.0457755
USTCUSDT,BUY,LIMIT,1702103510260,177,0.0455590
USTCUSDT,BUY,LIMIT,1702103594740,2806,0.0461435
USTCUSDT,SELL,LIMIT,1702103959774,25036,0.0444669
USTCUSDT,BUY,LIMIT,1702105876224,31,0.0458420
USTCUSDT,SELL,LIMIT,1702106202220,6648,0.0443765
USTCUSDT,BUY,LIMIT,1702107978494,12500,0.0463017
USTCUSDT,BUY,LIMIT,1702108034437,15999,0.0465059
USTCUSDT,BUY,LIMIT,1702109027091,1691,0.0465174
USTCUSDT,BUY,LIMIT,1702109220171,349,0.0465702
USTCUSDT,SELL,LIMIT,1702109777055,500000,0.0449382
USTCUSDT,SELL,LIMIT,1702110307805,4633,0.0450644
USTCUSDT,SELL,LIMIT,1702110340261,9529,0.0450074
USTCUSDT,SELL,LIMIT,1702110427246,11257,0.0449913
USTCUSDT,SELL,LIMIT,1702110558528,3184,0.0449384
USTCUSDT,SELL,LIMIT,1702110580725,19327,0.0448915
USTCUSDT,SELL,LIMIT,1702110620053,134,0.0448147
USTCUSDT,SELL,LIMIT,1702110668262,23746,0.0446811
USTCUSDT,SELL,LIMIT,1702110830388,87070,0.0446186
USTCUSDT,SELL,LIMIT,1702110967307,15857,0.0442420
USTCUSDT,SELL,LIMIT,1702110969678,65686,0.0442275
USTCUSDT,SELL,LIMIT,1702110976165,195,0.0441263
USTCUSDT,SELL,LIMIT,1702110977407,4420,0.0441331
USTCUSDT,SELL,LIMIT,1702110978619,15354,0.0440473
USTCUSDT,SELL,LIMIT,1702110980950,891,0.0439880
USTCUSDT,SELL,LIMIT,1702110982516,1556,0.0439863
USTCUSDT,SELL,LIMIT,1702110993521,112963,0.0439341
USTCUSDT,SELL,LIMIT,1702110996457,34821,0.0438241
USTCUSDT,SELL,LIMIT,1702111026632,10897,0.0438920
USTCUSDT,SELL,LIMIT,1702111028249,44513,0.0438030
USTCUSDT,SELL,LIMIT,1702111035045,848,0.0439600
USTCUSDT,SELL,LIMIT,1702111036122,21717,0.0436296
USTCUSDT,SELL,LIMIT,1702111037168,3776,0.0436231
USTCUSDT,SELL,LIMIT,1702111038185,834,0.0435471
USTCUSDT,SELL,LIMIT,1702111039352,1725,0.0435138
USTCUSDT,SELL,LIMIT,1702111040597,10743,0.0435060
USTCUSDT,SELL,LIMIT,1702111042326,103848,0.0435038
USTCUSDT,SELL,LIMIT,1702111043324,229904,0.0432238
USTCUSDT,SELL,LIMIT,1702111044420,2363,0.0434756
USTCUSDT,SELL,LIMIT,1702111045499,3878,0.0433396
USTCUSDT,SELL,LIMIT,1702111046539,37953,0.0433967
USTCUSDT,SELL,LIMIT,1702111047545,4791,0.0433069
USTCUSDT,SELL,LIMIT,1702111048643,2168,0.0432128
USTCUSDT,BUY,LIMIT,1702111055242,13259,0.0448701
USTCUSDT,SELL,LIMIT,1702111192596,3647,0.0435713
USTCUSDT,SELL,LIMIT,1702111199743,36873,0.0435598
USTCUSDT,SELL,LIMIT,1702111203788,16775,0.0435386
USTCUSDT,SELL,LIMIT,1702111367265,42443,0.0434558
USTCUSDT,SELL,LIMIT,1702111377667,9817,0.0433007
USTCUSDT,SELL,LIMIT,1702111378799,23144,0.0432845
USTCUSDT,SELL,LIMIT,1702111380643,24064,0.0432469
USTCUSDT,SELL,LIMIT,1702111386529,31354,0.0432205
USTCUSDT,SELL,LIMIT,1702111387810,27352,0.0431804
USTCUSDT,SELL,LIMIT,1702111389226,15327,0.0431067
USTCUSDT,SELL,LIMIT,1702111390502,5770,0.0430557
USTCUSDT,BUY,LIMIT,1702111518189,10109,0.0448700
USTCUSDT,BUY,LIMIT,1702111549335,67298,0.0449349
USTCUSDT,SELL,LIMIT,1702112322667,1124,0.0435994
USTCUSDT,SELL,LIMIT,1702112885286,28961,0.0434822
USTCUSDT,SELL,LIMIT,1702113270223,1015,0.0433326
USTCUSDT,SELL,LIMIT,1702113996689,7595,0.0432858
USTCUSDT,BUY,LIMIT,1702114251124,2,0.0447005
USTCUSDT,SELL,LIMIT,1702114253199,3645,0.0433598
USTCUSDT,SELL,LIMIT,1702114771749,1389,0.0431289
USTCUSDT,SELL,LIMIT,1702114827545,11371,0.0430995
USTCUSDT,SELL,LIMIT,1702114842062,2744,0.0430257
USTCUSDT,SELL,LIMIT,1702115052178,43846,0.0429080
USTCUSDT,SELL,LIMIT,1702115082063,7825,0.0428257
USTCUSDT,SELL,LIMIT,1702115083357,2794,0.0427771
USTCUSDT,SELL,LIMIT,1702115087648,1401,0.0427112
USTCUSDT,SELL,LIMIT,1702115262336,23756,0.0428447
USTCUSDT,SELL,LIMIT,1702115615052,4504,0.0427356
USTCUSDT,SELL,LIMIT,1702115629254,23717,0.0427165
USTCUSDT,SELL,LIMIT,1702115631099,1849,0.0426960
USTCUSDT,SELL,LIMIT,1702115632246,55416,0.0426869
USTCUSDT,SELL,LIMIT,1702115715276,15237,0.0427950
USTCUSDT,BUY,LIMIT,1702116177386,13446,0.0443890
USTCUSDT,BUY,LIMIT,1702116494304,16392,0.0445652
USTCUSDT,SELL,LIMIT,1702117652652,2285,0.0428851
USTCUSDT,SELL,LIMIT,1702121028501,12245,0.0428947
USTCUSDT,SELL,LIMIT,1702121170113,2087,0.0428370
USTCUSDT,SELL,LIMIT,1702121382904,2233,0.0427864
USTCUSDT,BUY,LIMIT,1702122826052,35731,0.0445827
USTCUSDT,SELL,LIMIT,1702123440850,270,0.0430471
USTCUSDT,BUY,LIMIT,1702123657483,9513,0.0444847
USTCUSDT,SELL,LIMIT,1702124263764,1994,0.0431422
USTCUSDT,SELL,LIMIT,1702124291447,1309,0.0430504
USTCUSDT,SELL,LIMIT,1702125035657,4639,0.0429855
USTCUSDT,SELL,LIMIT,1702125069596,5318,0.0429161
USTCUSDT,SELL,LIMIT,1702125743267,159,0.0428915
USTCUSDT,SELL,LIMIT,1702125862379,11392,0.0428152
USTCUSDT,SELL,LIMIT,1702125864083,2758,0.0428011
USTCUSDT,SELL,LIMIT,1702125870462,19380,0.0427712
USTCUSDT,SELL,LIMIT,1702125883483,11301,0.0427349
USTCUSDT,SELL,LIMIT,1702125885254,19505,0.0427050
USTCUSDT,SELL,LIMIT,1702125886296,73047,0.0427904
USTCUSDT,SELL,LIMIT,1702128166809,35089,0.0429499
USTCUSDT,SELL,LIMIT,1702128558353,5419,0.0428919
USTCUSDT,SELL,LIMIT,1702128593073,191,0.0428759
USTCUSDT,SELL,LIMIT,1702128664588,3692,0.0428347
USTCUSDT,BUY,LIMIT,1702128845021,1423,0.0443684
USTCUSDT,SELL,LIMIT,1702129809599,6500,0.0430938
USTCUSDT,BUY,LIMIT,1702131059561,158,0.0447984
USTCUSDT,BUY,LIMIT,1702131068100,7975,0.0448218
USTCUSDT,BUY,LIMIT,1702131157135,2634,0.0448610
USTCUSDT,SELL,LIMIT,1702132307692,6795,0.0432302
USTCUSDT,SELL,LIMIT,1702132526301,4585,0.0431588
USTCUSDT,SELL,LIMIT,1702132616633,127,0.0429920
USTCUSDT,SELL,LIMIT,1702132640203,67826,0.0429391
USTCUSDT,SELL,LIMIT,1702132659937,7836,0.0428686
USTCUSDT,SELL,LIMIT,1702132676469,8096,0.0428349
USTCUSDT,SELL,LIMIT,1702132795822,63693,0.0427746
USTCUSDT,SELL,LIMIT,1702132820265,4690,0.0427412
USTCUSDT,SELL,LIMIT,1702132822953,1355,0.0427012
USTCUSDT,SELL,LIMIT,1702132953135,113384,0.0426232
USTCUSDT,SELL,LIMIT,1702132954174,80524,0.0425918
USTCUSDT,SELL,LIMIT,1702132991218,1556,0.0426234
USTCUSDT,SELL,LIMIT,1702132995082,4906,0.0425793
USTCUSDT,SELL,LIMIT,1702132996150,18222,0.0424430
USTCUSDT,SELL,LIMIT,1702132997167,507000,0.0420705
USTCUSDT,SELL,LIMIT,1702132998251,34108,0.0423839
USTCUSDT,SELL,LIMIT,1702133003164,5975,0.0423535
USTCUSDT,SELL,LIMIT,1702133004421,112605,0.0422802
USTCUSDT,SELL,LIMIT,1702133005543,880,0.0422734
USTCUSDT,SELL,LIMIT,1702133006553,50000,0.0421535
USTCUSDT,SELL,LIMIT,1702133009439,324,0.0421774
USTCUSDT,SELL,LIMIT,1702133327859,14752,0.0423179
USTCUSDT,SELL,LIMIT,1702133345691,119,0.0422374
USTCUSDT,SELL,LIMIT,1702134419181,27180,0.0424264
USTCUSDT,SELL,LIMIT,1702134497023,954,0.0424271
USTCUSDT,SELL,LIMIT,1702134498556,12752,0.0423359
USTCUSDT,SELL,LIMIT,1702134753523,301,0.0422236
USTCUSDT,SELL,LIMIT,1702134821983,2322,0.0421486
USTCUSDT,SELL,LIMIT,1702134835327,535,0.0421256
USTCUSDT,SELL,LIMIT,1702134881068,510,0.0421384
USTCUSDT,SELL,LIMIT,1702134884213,20280,0.0421108
USTCUSDT,SELL,LIMIT,1702134900422,122,0.0420730
USTCUSDT,SELL,LIMIT,1702134938161,131,0.0421384
USTCUSDT,BUY,LIMIT,1702135084509,3420,0.0435938
USTCUSDT,BUY,LIMIT,1702135127438,6949,0.0436038
USTCUSDT,SELL,LIMIT,1702135414130,232,0.0421543
USTCUSDT,BUY,LIMIT,1702137166339,29457,0.0442198
USTCUSDT,BUY,LIMIT,1702137663911,33753,0.0442866
USTCUSDT,BUY,LIMIT,1702137880358,21916,0.0444498
USTCUSDT,BUY,LIMIT,1702137923880,6053,0.0444580
USTCUSDT,SELL,LIMIT,1702138326935,171,0.0429329
USTCUSDT,SELL,LIMIT,1702138632205,12703,0.0427937
USTCUSDT,SELL,LIMIT,1702138665643,4030,0.0427491
USTCUSDT,SELL,LIMIT,1702138697533,184,0.0427125
USTCUSDT,SELL,LIMIT,1702138727343,154,0.0426888
USTCUSDT,SELL,LIMIT,1702138910763,2438,0.0426774
USTCUSDT,SELL,LIMIT,1702138946818,212,0.0425267
USTCUSDT,SELL,LIMIT,1702138953956,9218,0.0425324
USTCUSDT,SELL,LIMIT,1702138957011,94664,0.0425348
USTCUSDT,SELL,LIMIT,1702138960244,5930,0.0424621
USTCUSDT,SELL,LIMIT,1702139117322,456,0.0424275
USTCUSDT,SELL,LIMIT,1702139123346,1014,0.0423242
USTCUSDT,SELL,LIMIT,1702139124425,13694,0.0423291
USTCUSDT,SELL,LIMIT,1702139263644,116123,0.0422130
USTCUSDT,SELL,LIMIT,1702139264810,674,0.0422378
USTCUSDT,SELL,LIMIT,1702139269197,11694,0.0421617
USTCUSDT,SELL,LIMIT,1702139292149,1382,0.0420310
USTCUSDT,SELL,LIMIT,1702139293476,124,0.0420439
USTCUSDT,SELL,LIMIT,1702139305543,34816,0.0420219
USTCUSDT,BUY,LIMIT,1702139512686,8040,0.0435632
USTCUSDT,SELL,LIMIT,1702140772225,68088,0.0421207
USTCUSDT,SELL,LIMIT,1702140774804,1896,0.0420862
USTCUSDT,SELL,LIMIT,1702140776801,18828,0.0420793
USTCUSDT,SELL,LIMIT,1702140787567,14835,0.0420259
USTCUSDT,SELL,LIMIT,1702140788636,4237,0.0419233
USTCUSDT,SELL,LIMIT,1702140789651,11894,0.0418713
USTCUSDT,SELL,LIMIT,1702140790738,999,0.0418126
USTCUSDT,SELL,LIMIT,1702140794057,125,0.0418050
USTCUSDT,SELL,LIMIT,1702140795384,4093,0.0418063
USTCUSDT,SELL,LIMIT,1702140821646,13541,0.0419111
USTCUSDT,SELL,LIMIT,1702140847330,82946,0.0417949
USTCUSDT,SELL,LIMIT,1702140850461,3246,0.0417919
USTCUSDT,SELL,LIMIT,1702141044689,667,0.0419417
USTCUSDT,SELL,LIMIT,1702141195582,2084,0.0434581
USTCUSDT,SELL,LIMIT,1702141437224,6995,0.0419704
USTCUSDT,SELL,LIMIT,1702141548102,69081,0.0417712
USTCUSDT,SELL,LIMIT,1702141550136,69436,0.0417540
USTCUSDT,SELL,LIMIT,1702141551246,28299,0.0417324
USTCUSDT,SELL,LIMIT,1702141552333,4442,0.0417174
USTCUSDT,SELL,LIMIT,1702141553520,3058,0.0416754
USTCUSDT,SELL,LIMIT,1702141555257,9290,0.0416322
USTCUSDT,SELL,LIMIT,1702141556355,1072,0.0416302
USTCUSDT,SELL,LIMIT,1702141557467,2029,0.0416273
USTCUSDT,SELL,LIMIT,1702141558518,965,0.0415954
USTCUSDT,SELL,LIMIT,1702141559707,1402,0.0415254
USTCUSDT,SELL,LIMIT,1702141563103,111123,0.0415313
USTCUSDT,SELL,LIMIT,1702141564517,10351,0.0415313
USTCUSDT,SELL,LIMIT,1702141638373,32865,0.0415868
USTCUSDT,SELL,LIMIT,1702141702764,2220,0.0415592
USTCUSDT,SELL,LIMIT,1702141726359,419290,0.0412397
USTCUSDT,SELL,LIMIT,1702141733457,2593,0.0415143
USTCUSDT,SELL,LIMIT,1702141737088,9425,0.0414797
USTCUSDT,SELL,LIMIT,1702141738465,196,0.0415076
USTCUSDT,SELL,LIMIT,1702141740096,7919,0.0414469
USTCUSDT,SELL,LIMIT,1702141741294,217660,0.0412485
USTCUSDT,SELL,LIMIT,1702141744080,11646,0.0414565
USTCUSDT,SELL,LIMIT,1702141756148,24391,0.0414292
USTCUSDT,SELL,LIMIT,1702141757465,142345,0.0413431
USTCUSDT,SELL,LIMIT,1702141758560,275,0.0413937
USTCUSDT,SELL,LIMIT,1702141842476,3879,0.0414867
USTCUSDT,SELL,LIMIT,1702141843530,8348,0.0414566
USTCUSDT,SELL,LIMIT,1702141847241,560,0.0414159
USTCUSDT,SELL,LIMIT,1702141848337,9373,0.0414288
USTCUSDT,SELL,LIMIT,1702141849363,54000,0.0413818
USTCUSDT,SELL,LIMIT,1702141855427,11419,0.0413713
USTCUSDT,SELL,LIMIT,1702141857289,69794,0.0413701
USTCUSDT,SELL,LIMIT,1702141859172,883,0.0413424
USTCUSDT,SELL,LIMIT,1702142069197,2901,0.0413484
USTCUSDT,SELL,LIMIT,1702142073513,22199,0.0413158
USTCUSDT,SELL,LIMIT,1702142075273,2434,0.0413008
USTCUSDT,BUY,LIMIT,1702144471617,118533,0.0430104
USTCUSDT,SELL,LIMIT,1702144773552,16183,0.0414144
USTCUSDT,SELL,LIMIT,1702144782802,10145,0.0413501
USTCUSDT,SELL,LIMIT,1702144802809,17555,0.0412890
USTCUSDT,SELL,LIMIT,1702144890682,1185,0.0414260
USTCUSDT,BUY,LIMIT,1702146394188,44428,0.0430813
USTCUSDT,BUY,LIMIT,1702148124310,476,0.0433086
USTCUSDT,BUY,LIMIT,1702148262072,512,0.0433389
USTCUSDT,BUY,LIMIT,1702148263553,13590,0.0433415
USTCUSDT,BUY,LIMIT,1702148782507,120,0.0434984
USTCUSDT,BUY,LIMIT,1702149117528,62089,0.0435122
USTCUSDT,BUY,LIMIT,1702150574205,1120,0.0436007
USTCUSDT,SELL,LIMIT,1702151781222,90134,0.0422566
USTCUSDT,SELL,LIMIT,1702152895961,1651,0.0421086
USTCUSDT,SELL,LIMIT,1702152947125,478,0.0420092
USTCUSDT,SELL,LIMIT,1702152962395,19300,0.0419871
USTCUSDT,SELL,LIMIT,1702153013395,6975,0.0419675
USTCUSDT,SELL,LIMIT,1702153029939,9744,0.0419303
USTCUSDT,SELL,LIMIT,1702153709287,122768,0.0419326
USTCUSDT,SELL,LIMIT,1702156204156,25724,0.0418853
USTCUSDT,BUY,LIMIT,1702156740962,7245,0.0431445
USTCUSDT,BUY,LIMIT,1702157793605,234,0.0432790
USTCUSDT,BUY,LIMIT,1702161267702,879,0.0430573
USTCUSDT,SELL,LIMIT,1702161396245,39239,0.0417281
USTCUSDT,SELL,LIMIT,1702161634539,2740,0.0416197
USTCUSDT,SELL,LIMIT,1702161776648,3676,0.0415274
USTCUSDT,SELL,LIMIT,1702162130888,992,0.0415277
USTCUSDT,SELL,LIMIT,1702162330178,16374,0.0414790
USTCUSDT,SELL,LIMIT,1702163629736,30000,0.0415123
USTCUSDT,SELL,LIMIT,1702164053465,56338,0.0414292
USTCUSDT,SELL,LIMIT,1702164115722,1482,0.0413014
USTCUSDT,SELL,LIMIT,1702164134806,20032,0.0412810
USTCUSDT,SELL,LIMIT,1702164141215,3002,0.0412648
USTCUSDT,SELL,LIMIT,1702164145861,183,0.0412510
USTCUSDT,SELL,LIMIT,1702164146908,4066,0.0410769
USTCUSDT,SELL,LIMIT,1702164149056,60771,0.0410404
USTCUSDT,SELL,LIMIT,1702164150141,17237,0.0410567
USTCUSDT,SELL,LIMIT,1702164204072,1147,0.0411636
USTCUSDT,SELL,LIMIT,1702164210235,1308,0.0410746
USTCUSDT,SELL,LIMIT,1702164212235,7650,0.0410647
USTCUSDT,SELL,LIMIT,1702164227981,17409,0.0410288
USTCUSDT,SELL,LIMIT,1702164229925,2190,0.0410242
USTCUSDT,SELL,LIMIT,1702164267118,2197,0.0409945
USTCUSDT,SELL,LIMIT,1702164268189,575,0.0409242
USTCUSDT,SELL,LIMIT,1702164294206,20000,0.0409268
USTCUSDT,SELL,LIMIT,1702164301982,317634,0.0406395
USTCUSDT,SELL,LIMIT,1702164303193,36154,0.0408851
USTCUSDT,SELL,LIMIT,1702164304722,109,0.0408764
USTCUSDT,SELL,LIMIT,1702164305753,2428,0.0408392
USTCUSDT,SELL,LIMIT,1702164306930,21960,0.0408312
USTCUSDT,SELL,LIMIT,1702164308627,57273,0.0408324
USTCUSDT,SELL,LIMIT,1702164434152,1522,0.0409071
USTCUSDT,SELL,LIMIT,1702164500329,418,0.0408175
USTCUSDT,SELL,LIMIT,1702164501570,210,0.0408128
USTCUSDT,SELL,LIMIT,1702164506130,333,0.0407954
USTCUSDT,SELL,LIMIT,1702164508174,1,0.0407947
USTCUSDT,SELL,LIMIT,1702164513169,424,0.0407865
USTCUSDT,SELL,LIMIT,1702164514267,9765,0.0407879
USTCUSDT,SELL,LIMIT,1702164515407,3498,0.0407615
USTCUSDT,SELL,LIMIT,1702164526241,18494,0.0407562
USTCUSDT,SELL,LIMIT,1702164529542,2302,0.0407491
USTCUSDT,SELL,LIMIT,1702164533230,16273,0.0407688
USTCUSDT,SELL,LIMIT,1702164536352,1076,0.0407476
USTCUSDT,SELL,LIMIT,1702164537404,15082,0.0407361
USTCUSDT,SELL,LIMIT,1702164538757,17685,0.0407323
USTCUSDT,SELL,LIMIT,1702164540366,21500,0.0407173
USTCUSDT,SELL,LIMIT,1702164541634,15000,0.0407125
USTCUSDT,SELL,LIMIT,1702164543314,150000,0.0406198
USTCUSDT,SELL,LIMIT,1702164545220,3880,0.0406981
USTCUSDT,SELL,LIMIT,1702164546269,15225,0.0406793
USTCUSDT,SELL,LIMIT,1702164547401,2818,0.0406687
USTCUSDT,SELL,LIMIT,1702164551325,169,0.0406623
USTCUSDT,SELL,LIMIT,1702164579504,5727,0.0406528
USTCUSDT,SELL,LIMIT,1702164688761,4456,0.0406904
USTCUSDT,SELL,LIMIT,1702164741286,98586,0.0406412
USTCUSDT,SELL,LIMIT,1702164743059,11399,0.0406280
USTCUSDT,SELL,LIMIT,1702164744157,1000,0.0406237
USTCUSDT,SELL,LIMIT,1702164746349,194965,0.0404319
USTCUSDT,SELL,LIMIT,1702164747363,2106,0.0405793
USTCUSDT,SELL,LIMIT,1702164748430,14200,0.0405360
USTCUSDT,SELL,LIMIT,1702164750017,61406,0.0405117
USTCUSDT,SELL,LIMIT,1702164752278,9521,0.0404757
USTCUSDT,SELL,LIMIT,1702164753348,27256,0.0404816
USTCUSDT,SELL,LIMIT,1702164797516,113,0.0404689
USTCUSDT,SELL,LIMIT,1702164801482,1150,0.0403968
USTCUSDT,SELL,LIMIT,1702164802580,3277,0.0404031
USTCUSDT,SELL,LIMIT,1702164803582,1311,0.0403917
USTCUSDT,SELL,LIMIT,1702164805784,4784,0.0403752
USTCUSDT,SELL,LIMIT,1702164807256,1851,0.0403400
USTCUSDT,SELL,LIMIT,1702164808261,110,0.0411347
USTCUSDT,SELL,LIMIT,1702164809413,23911,0.0402593
USTCUSDT,SELL,LIMIT,1702164810423,4504,0.0400219
USTCUSDT,SELL,LIMIT,1702164811440,1124,0.0401527
USTCUSDT,SELL,LIMIT,1702164812459,44705,0.0399386
USTCUSDT,SELL,LIMIT,1702164813538,10000,0.0399085
USTCUSDT,SELL,LIMIT,1702164866085,3575,0.0401042
USTCUSDT,SELL,LIMIT,1702164868336,122361,0.0400664
USTCUSDT,BUY,LIMIT,1702166548966,122399,0.0418614
USTCUSDT,SELL,LIMIT,1702166990712,21020,0.0402570
USTCUSDT,SELL,LIMIT,1702167044189,90905,0.0402194
USTCUSDT,SELL,LIMIT,1702170585226,39446,0.0407298
USTCUSDT,SELL,LIMIT,1702174545188,10333,0.0408750
USTCUSDT,SELL,LIMIT,1702175093353,1000,0.0412617
USTCUSDT,SELL,LIMIT,1702176398332,18069,0.0412951
USTCUSDT,SELL,LIMIT,1702176411396,218,0.0412727
USTCUSDT,BUY,LIMIT,1702181737963,48851,0.0429958
USTCUSDT,BUY,LIMIT,1702184255351,5178,0.0431884
USTCUSDT,BUY,LIMIT,1702184334113,3907,0.0432735
USTCUSDT,BUY,LIMIT,1702184340390,704,0.0433008
USTCUSDT,BUY,LIMIT,1702184345092,1678,0.0433680
USTCUSDT,BUY,LIMIT,1702184380327,2534,0.0433759
USTCUSDT,SELL,LIMIT,1702184529319,4215,0.0419113
USTCUSDT,BUY,LIMIT,1702186826425,12093,0.0436361
USTCUSDT,BUY,LIMIT,1702186833587,10613,0.0436716
USTCUSDT,BUY,LIMIT,1702186854149,292,0.0437738
USTCUSDT,BUY,LIMIT,1702186856723,23035,0.0438017
USTCUSDT,BUY,LIMIT,1702187246280,2276,0.0439091
USTCUSDT,BUY,LIMIT,1702187707552,1860,0.0437399
USTCUSDT,SELL,LIMIT,1702188064202,2261,0.0424224
USTCUSDT,SELL,LIMIT,1702188720469,139,0.0420978
USTCUSDT,SELL,LIMIT,1702189877268,5038,0.0417086
USTCUSDT,SELL,LIMIT,1702190560043,2667,0.0416013
USTCUSDT,SELL,LIMIT,1702190662196,30215,0.0415210
USTCUSDT,SELL,LIMIT,1702191035676,8735,0.0415029
USTCUSDT,SELL,LIMIT,1702191063050,15035,0.0414612
USTCUSDT,SELL,LIMIT,1702191084902,86325,0.0414541
USTCUSDT,SELL,LIMIT,1702191436063,785,0.0414000
USTCUSDT,SELL,LIMIT,1702192081995,20955,0.0413337
USTCUSDT,SELL,LIMIT,1702192087065,6189,0.0412627
USTCUSDT,SELL,LIMIT,1702192720195,6605,0.0411403
USTCUSDT,SELL,LIMIT,1702192738378,18653,0.0410844
USTCUSDT,SELL,LIMIT,1702192753815,8500,0.0411324
USTCUSDT,SELL,LIMIT,1702192775191,178,0.0411585
USTCUSDT,SELL,LIMIT,1702192864032,121,0.0410889
USTCUSDT,SELL,LIMIT,1702192879140,16685,0.0410613
USTCUSDT,SELL,LIMIT,1702192929999,1364,0.0410637
USTCUSDT,BUY,LIMIT,1702193697232,117841,0.0427550
USTCUSDT,SELL,LIMIT,1702193888174,115787,0.0412833
USTCUSDT,BUY,LIMIT,1702193982354,47565,0.0427219
USTCUSDT,BUY,LIMIT,1702194071543,119617,0.0432583
USTCUSDT,BUY,LIMIT,1702194111966,200000,0.0440070
USTCUSDT,BUY,LIMIT,1702194119621,10116,0.0439419
USTCUSDT,BUY,LIMIT,1702194121965,2381,0.0439492
USTCUSDT,BUY,LIMIT,1702194133963,24846,0.0440486
USTCUSDT,BUY,LIMIT,1702194136027,5926,0.0441650
USTCUSDT,BUY,LIMIT,1702194185211,194942,0.0446168
USTCUSDT,BUY,LIMIT,1702194189048,7286,0.0444740
USTCUSDT,BUY,LIMIT,1702194190306,21002,0.0446339
USTCUSDT,BUY,LIMIT,1702194191537,894,0.0445964
USTCUSDT,BUY,LIMIT,1702194193065,5129,0.0447541
USTCUSDT,BUY,LIMIT,1702194302768,1310,0.0448793
USTCUSDT,BUY,LIMIT,1702194310061,94076,0.0450204
USTCUSDT,BUY,LIMIT,1702194323392,12176,0.0451217
USTCUSDT,BUY,LIMIT,1702194327239,1209,0.0451826
USTCUSDT,BUY,LIMIT,1702194336859,133245,0.0453693
USTCUSDT,BUY,LIMIT,1702194354353,76407,0.0454037
USTCUSDT,BUY,LIMIT,1702194357839,10528,0.0454492
USTCUSDT,BUY,LIMIT,1702194363219,1636,0.0455022
USTCUSDT,BUY,LIMIT,1702194368828,600,0.0455361
USTCUSDT,BUY,LIMIT,1702194415189,38197,0.0456604
USTCUSDT,BUY,LIMIT,1702194433273,19197,0.0459025
USTCUSDT,BUY,LIMIT,1702194476199,22138,0.0460506
USTCUSDT,BUY,LIMIT,1702194493392,17335,0.0461524
USTCUSDT,BUY,LIMIT,1702194495990,122569,0.0462086
USTCUSDT,BUY,LIMIT,1702194497052,9163,0.0461839
USTCUSDT,BUY,LIMIT,1702194516933,18206,0.0462499
USTCUSDT,BUY,LIMIT,1702194519796,340,0.0462549
USTCUSDT,SELL,LIMIT,1702194593816,6920,0.0444120
USTCUSDT,SELL,LIMIT,1702194596455,480,0.0443754
USTCUSDT,SELL,LIMIT,1702194638290,4336,0.0443051
USTCUSDT,SELL,LIMIT,1702194648726,428,0.0442290
USTCUSDT,SELL,LIMIT,1702194751946,121,0.0439125
USTCUSDT,SELL,LIMIT,1702194869985,28225,0.0435798
USTCUSDT,SELL,LIMIT,1702195061198,4174,0.0435961
USTCUSDT,SELL,LIMIT,1702195215320,785,0.0434598
USTCUSDT,SELL,LIMIT,1702195216407,33192,0.0433087
USTCUSDT,SELL,LIMIT,1702195382572,3723,0.0432111
USTCUSDT,SELL,LIMIT,1702195444549,14043,0.0430682
USTCUSDT,SELL,LIMIT,1702195449573,10343,0.0430161
USTCUSDT,BUY,LIMIT,1702195906336,41345,0.0446570
USTCUSDT,SELL,LIMIT,1702196318933,115233,0.0430836
USTCUSDT,SELL,LIMIT,1702196656334,42466,0.0427518
USTCUSDT,SELL,LIMIT,1702196662859,3826,0.0426893
USTCUSDT,BUY,LIMIT,1702197150448,69707,0.0440515
USTCUSDT,SELL,LIMIT,1702197253773,36218,0.0426501
USTCUSDT,SELL,LIMIT,1702197702598,175453,0.0422776
USTCUSDT,SELL,LIMIT,1702197705048,8191,0.0424086
USTCUSDT,SELL,LIMIT,1702200359174,11096,0.0419336
USTCUSDT,SELL,LIMIT,1702200618146,31452,0.0419452
USTCUSDT,SELL,LIMIT,1702200728485,378,0.0418626
USTCUSDT,SELL,LIMIT,1702200730389,1253,0.0418325
USTCUSDT,SELL,LIMIT,1702200731854,327504,0.0415581
USTCUSDT,SELL,LIMIT,1702200733179,16357,0.0418104
USTCUSDT,SELL,LIMIT,1702200741297,3951,0.0417858
USTCUSDT,SELL,LIMIT,1702200776198,7403,0.0417936
USTCUSDT,SELL,LIMIT,1702200877353,56104,0.0417226
USTCUSDT,SELL,LIMIT,1702200878799,45620,0.0416726
USTCUSDT,SELL,LIMIT,1702200939257,8088,0.0416196
USTCUSDT,SELL,LIMIT,1702200940282,66000,0.0416170
USTCUSDT,SELL,LIMIT,1702202081919,87034,0.0417485
USTCUSDT,SELL,LIMIT,1702202272420,26893,0.0423456
USTCUSDT,SELL,LIMIT,1702202275762,454,0.0419068
USTCUSDT,SELL,LIMIT,1702202357952,33056,0.0416565
USTCUSDT,SELL,LIMIT,1702202373374,58473,0.0416088
USTCUSDT,SELL,LIMIT,1702202379728,15481,0.0415391
USTCUSDT,SELL,LIMIT,1702202385025,117868,0.0415354
USTCUSDT,SELL,LIMIT,1702202395193,33534,0.0414009
USTCUSDT,SELL,LIMIT,1702202396450,79169,0.0413989
USTCUSDT,SELL,LIMIT,1702202398406,13861,0.0413598
USTCUSDT,SELL,LIMIT,1702202400460,8987,0.0413587
USTCUSDT,SELL,LIMIT,1702204471314,6512,0.0417345
USTCUSDT,SELL,LIMIT,1702204686253,120,0.0416675
USTCUSDT,SELL,LIMIT,1702204688664,10069,0.0416586
USTCUSDT,SELL,LIMIT,1702204921270,86529,0.0415852
USTCUSDT,BUY,LIMIT,1702205270886,227,0.0436096
USTCUSDT,BUY,LIMIT,1702205469502,4258,0.0437301
USTCUSDT,BUY,LIMIT,1702205778927,15754,0.0440322
USTCUSDT,BUY,LIMIT,1702205808656,5874,0.0441609
USTCUSDT,BUY,LIMIT,1702205820599,5329,0.0442563
USTCUSDT,SELL,LIMIT,1702206048685,2628,0.0428084
USTCUSDT,SELL,LIMIT,1702206082951,13023,0.0427663
USTCUSDT,SELL,LIMIT,1702206293186,56378,0.0428532
USTCUSDT,BUY,LIMIT,1702206593274,72765,0.0442429
USTCUSDT,BUY,LIMIT,1702207135223,224,0.0445954
USTCUSDT,BUY,LIMIT,1702207141419,14843,0.0447058
USTCUSDT,BUY,LIMIT,1702207144205,11792,0.0447177
USTCUSDT,BUY,LIMIT,1702207211683,3975,0.0447755
USTCUSDT,BUY,LIMIT,1702207221372,14270,0.0448472
USTCUSDT,BUY,LIMIT,1702207245572,1542,0.0449136
USTCUSDT,BUY,LIMIT,1702207298815,28492,0.0451793
USTCUSDT,BUY,LIMIT,1702207310067,58837,0.0452552
USTCUSDT,BUY,LIMIT,1702207316543,4028,0.0454026
USTCUSDT,BUY,LIMIT,1702207430962,10295,0.0456423
USTCUSDT,SELL,LIMIT,1702207494470,110529,0.0441474
USTCUSDT,SELL,LIMIT,1702207514512,11111,0.0441091
USTCUSDT,BUY,LIMIT,1702207584538,21626,0.0456381
USTCUSDT,BUY,LIMIT,1702207651798,5559,0.0458951
USTCUSDT,BUY,LIMIT,1702207656347,25348,0.0458973
USTCUSDT,BUY,LIMIT,1702207742378,66703,0.0458240
USTCUSDT,BUY,LIMIT,1702207893129,411,0.0459896
USTCUSDT,BUY,LIMIT,1702207901485,36616,0.0460443
USTCUSDT,BUY,LIMIT,1702207906219,5530,0.0460951
USTCUSDT,SELL,LIMIT,1702207931170,32065,0.0445915
USTCUSDT,BUY,LIMIT,1702207953336,1083,0.0462041
USTCUSDT,SELL,LIMIT,1702207991015,2609,0.0444645
USTCUSDT,SELL,LIMIT,1702207993172,4356,0.0443242
USTCUSDT,SELL,LIMIT,1702208001363,12741,0.0442072
USTCUSDT,SELL,LIMIT,1702208005882,8090,0.0441560
USTCUSDT,SELL,LIMIT,1702208252870,58458,0.0441882
USTCUSDT,SELL,LIMIT,1702208429313,111003,0.0441091
USTCUSDT,BUY,LIMIT,1702208570255,95789,0.0457912
USTCUSDT,BUY,LIMIT,1702208881158,56919,0.0462843
USTCUSDT,BUY,LIMIT,1702208882224,8265,0.0463210
USTCUSDT,BUY,LIMIT,1702208889567,490,0.0463911
USTCUSDT,BUY,LIMIT,1702208903004,18784,0.0463974
USTCUSDT,BUY,LIMIT,1702208908765,754,0.0465030
USTCUSDT,BUY,LIMIT,1702208915432,11202,0.0465376
USTCUSDT,BUY,LIMIT,1702208923440,6561,0.0465447
USTCUSDT,BUY,LIMIT,1702208925964,10233,0.0465742
USTCUSDT,BUY,LIMIT,1702208928840,20871,0.0466145
USTCUSDT,BUY,LIMIT,1702208931159,28171,0.0466626
USTCUSDT,BUY,LIMIT,1702209045544,43620,0.0468434
USTCUSDT,BUY,LIMIT,1702209049733,88357,0.0468942
USTCUSDT,BUY,LIMIT,1702209052165,8489,0.0469396
USTCUSDT,BUY,LIMIT,1702209054876,234,0.0469906
USTCUSDT,BUY,LIMIT,1702209056821,3289,0.0469973
USTCUSDT,BUY,LIMIT,1702209077236,340,0.0470538
USTCUSDT,BUY,LIMIT,1702209085627,33448,0.0470835
USTCUSDT,BUY,LIMIT,1702209094083,7739,0.0471089
USTCUSDT,BUY,LIMIT,1702209095786,3486,0.0471490
USTCUSDT,SELL,LIMIT,1702209124731,429,0.0454855
USTCUSDT,SELL,LIMIT,1702209128166,107758,0.0454844
USTCUSDT,SELL,LIMIT,1702209132205,2228,0.0454520
USTCUSDT,SELL,LIMIT,1702209148599,11297,0.0452443
USTCUSDT,SELL,LIMIT,1702209542046,1685,0.0455608
USTCUSDT,SELL,LIMIT,1702209546155,1186,0.0451522
USTCUSDT,SELL,LIMIT,1702209551184,19500,0.0450795
USTCUSDT,SELL,LIMIT,1702209554390,21729,0.0450583
USTCUSDT,SELL,LIMIT,1702209558534,5440,0.0450403
USTCUSDT,SELL,LIMIT,1702209630027,1864,0.0449848
USTCUSDT,SELL,LIMIT,1702209639161,14932,0.0449120
USTCUSDT,SELL,LIMIT,1702209642066,765,0.0448161
USTCUSDT,SELL,LIMIT,1702209644448,176,0.0447957
USTCUSDT,SELL,LIMIT,1702209649209,9026,0.0446932
USTCUSDT,SELL,LIMIT,1702209653620,99322,0.0446627
USTCUSDT,SELL,LIMIT,1702209654954,22976,0.0446487
USTCUSDT,SELL,LIMIT,1702209658846,5124,0.0445075
USTCUSDT,SELL,LIMIT,1702209670574,4210,0.0444326
USTCUSDT,SELL,LIMIT,1702209673303,10698,0.0441875
USTCUSDT,SELL,LIMIT,1702209674389,15845,0.0443387
USTCUSDT,SELL,LIMIT,1702209675466,83731,0.0440572
USTCUSDT,SELL,LIMIT,1702209684478,108695,0.0440690
USTCUSDT,SELL,LIMIT,1702209686339,378508,0.0437138
USTCUSDT,SELL,LIMIT,1702209687872,39611,0.0439926
USTCUSDT,BUY,LIMIT,1702209810518,112,0.0459488
USTCUSDT,SELL,LIMIT,1702210159835,469,0.0442873
USTCUSDT,BUY,LIMIT,1702210542215,108925,0.0459497
USTCUSDT,SELL,LIMIT,1702210718107,82417,0.0444463
USTCUSDT,SELL,LIMIT,1702210735849,16181,0.0443436
USTCUSDT,SELL,LIMIT,1702210837778,39830,0.0442366
USTCUSDT,SELL,LIMIT,1702210937382,19943,0.0441368
USTCUSDT,SELL,LIMIT,1702210997984,1020,0.0440671
USTCUSDT,SELL,LIMIT,1702211105282,1492,0.0438057
USTCUSDT,SELL,LIMIT,1702211106652,35701,0.0437433
USTCUSDT,SELL,LIMIT,1702211108654,4395,0.0437138
USTCUSDT,SELL,LIMIT,1702211216877,1832,0.0436493
USTCUSDT,SELL,LIMIT,1702211223863,393,0.0436350
USTCUSDT,SELL,LIMIT,1702211359159,367,0.0435238
USTCUSDT,BUY,LIMIT,1702211612848,34038,0.0451420
USTCUSDT,BUY,LIMIT,1702212061596,5528,0.0456097
USTCUSDT,SELL,LIMIT,1702212939343,13738,0.0439992
USTCUSDT,SELL,LIMIT,1702213293227,122,0.0439606
USTCUSDT,BUY,LIMIT,1702214005147,1997,0.0458382
USTCUSDT,SELL,LIMIT,1702214293218,74192,0.0440842
USTCUSDT,SELL,LIMIT,1702214466119,11633,0.0439114
USTCUSDT,SELL,LIMIT,1702214559144,1626,0.0438747
USTCUSDT,SELL,LIMIT,1702214583731,10434,0.0438140
USTCUSDT,SELL,LIMIT,1702214589336,3386,0.0437858
USTCUSDT,SELL,LIMIT,1702214598465,1046,0.0437693
USTCUSDT,SELL,LIMIT,1702214602397,940,0.0437475
USTCUSDT,SELL,LIMIT,1702214720527,114254,0.0434891
USTCUSDT,SELL,LIMIT,1702214722458,110964,0.0434731
USTCUSDT,SELL,LIMIT,1702214727070,1128,0.0434426
USTCUSDT,SELL,LIMIT,1702214761474,2534,0.0433361
USTCUSDT,SELL,LIMIT,1702214762933,6245,0.0433058
USTCUSDT,SELL,LIMIT,1702214849435,2460,0.0432664
USTCUSDT,SELL,LIMIT,1702214853303,1109,0.0432121
USTCUSDT,SELL,LIMIT,1702214860127,12291,0.0431135
USTCUSDT,SELL,LIMIT,1702215137315,17472,0.0433613
USTCUSDT,SELL,LIMIT,1702216711499,72928,0.0434409
USTCUSDT,SELL,LIMIT,1702216796149,23620,0.0434129
USTCUSDT,SELL,LIMIT,1702216846791,10183,0.0433152
USTCUSDT,BUY,LIMIT,1702217636486,8868,0.0449901
USTCUSDT,BUY,LIMIT,1702218878022,54182,0.0452707
USTCUSDT,BUY,LIMIT,1702218903363,815,0.0453403
USTCUSDT,BUY,LIMIT,1702218944102,1172,0.0454291
USTCUSDT,SELL,LIMIT,1702219101071,93525,0.0439275
USTCUSDT,SELL,LIMIT,1702219823932,32648,0.0437373
USTCUSDT,SELL,LIMIT,1702219827140,112155,0.0436945
USTCUSDT,SELL,LIMIT,1702219833282,2893,0.0436758
USTCUSDT,SELL,LIMIT,1702221089472,5616,0.0435509
USTCUSDT,BUY,LIMIT,1702221466441,1799,0.0454466
USTCUSDT,BUY,LIMIT,1702221873254,26081,0.0455921
USTCUSDT,SELL,LIMIT,1702222556894,8626,0.0442959
USTCUSDT,SELL,LIMIT,1702223244721,827,0.0444573
USTCUSDT,SELL,LIMIT,1702223255456,105218,0.0444103
USTCUSDT,SELL,LIMIT,1702223269406,987,0.0443836
USTCUSDT,SELL,LIMIT,1702223895380,205,0.0443994
USTCUSDT,BUY,LIMIT,1702223991929,4508,0.0458475
USTCUSDT,BUY,LIMIT,1702224384670,1277,0.0458765
USTCUSDT,BUY,LIMIT,1702224449585,911,0.0461096
USTCUSDT,BUY,LIMIT,1702224488280,3196,0.0461348
USTCUSDT,BUY,LIMIT,1702224602296,28007,0.0461918
USTCUSDT,BUY,LIMIT,1702224603685,12584,0.0462185
USTCUSDT,BUY,LIMIT,1702224606089,34501,0.0462538
USTCUSDT,BUY,LIMIT,1702224612871,7793,0.0463665
USTCUSDT,BUY,LIMIT,1702224627410,54993,0.0463613
USTCUSDT,BUY,LIMIT,1702224630544,16780,0.0464059
USTCUSDT,BUY,LIMIT,1702224640052,170000,0.0465838
USTCUSDT,BUY,LIMIT,1702224642303,15455,0.0464588
USTCUSDT,BUY,LIMIT,1702224644868,14306,0.0465028
USTCUSDT,BUY,LIMIT,1702224648218,31602,0.0465113
USTCUSDT,BUY,LIMIT,1702224806048,2499,0.0466079
USTCUSDT,BUY,LIMIT,1702224822834,43236,0.0466791
USTCUSDT,BUY,LIMIT,1702224892073,3791,0.0467950
USTCUSDT,SELL,LIMIT,1702224960886,49988,0.0449942
USTCUSDT,SELL,LIMIT,1702224966278,4102,0.0449869
USTCUSDT,SELL,LIMIT,1702225105252,103971,0.0448442
USTCUSDT,SELL,LIMIT,1702225160304,7667,0.0447443
USTCUSDT,BUY,LIMIT,1702225485749,2871,0.0466864
USTCUSDT,BUY,LIMIT,1702225501567,4610,0.0467704
USTCUSDT,BUY,LIMIT,1702225516405,8740,0.0469320
USTCUSDT,BUY,LIMIT,1702225522028,19016,0.0469649
USTCUSDT,BUY,LIMIT,1702225523852,10735,0.0470009
USTCUSDT,BUY,LIMIT,1702225525411,66109,0.0470306
USTCUSDT,BUY,LIMIT,1702225531417,12268,0.0470636
USTCUSDT,BUY,LIMIT,1702225544091,157,0.0471687
USTCUSDT,BUY,LIMIT,1702225546249,11214,0.0471789
USTCUSDT,BUY,LIMIT,1702225551289,6313,0.0472380
USTCUSDT,BUY,LIMIT,1702225561087,44786,0.0472695
USTCUSDT,BUY,LIMIT,1702225569493,89700,0.0473338
USTCUSDT,BUY,LIMIT,1702225571837,863,0.0473535
USTCUSDT,SELL,LIMIT,1702225591236,97238,0.0457708
USTCUSDT,SELL,LIMIT,1702225594616,1549,0.0456865
USTCUSDT,BUY,LIMIT,1702225675198,28162,0.0474224
USTCUSDT,BUY,LIMIT,1702225686989,16689,0.0474499
USTCUSDT,BUY,LIMIT,1702225691477,82653,0.0474713
USTCUSDT,BUY,LIMIT,1702225693224,18000,0.0474884
USTCUSDT,BUY,LIMIT,1702225694294,56643,0.0475006
USTCUSDT,BUY,LIMIT,1702225701755,1195,0.0475575
USTCUSDT,BUY,LIMIT,1702225716385,50342,0.0476004
USTCUSDT,BUY,LIMIT,1702225735746,4405,0.0477169
USTCUSDT,BUY,LIMIT,1702225738131,1006,0.0477296
USTCUSDT,SELL,LIMIT,1702225753236,8844,0.0459519
USTCUSDT,SELL,LIMIT,1702225755961,10817,0.0459408
USTCUSDT,SELL,LIMIT,1702225895898,1011,0.0458386
USTCUSDT,SELL,LIMIT,1702225913118,10071,0.0458189
USTCUSDT,BUY,LIMIT,1702225944183,178,0.0474240
USTCUSDT,BUY,LIMIT,1702225984487,1444,0.0476541
USTCUSDT,BUY,LIMIT,1702225987279,3209,0.0477250
USTCUSDT,BUY,LIMIT,1702226013107,19257,0.0477793
USTCUSDT,BUY,LIMIT,1702226031757,42625,0.0478347
USTCUSDT,BUY,LIMIT,1702226040713,17727,0.0478671
USTCUSDT,BUY,LIMIT,1702226062140,15262,0.0480871
USTCUSDT,BUY,LIMIT,1702226063595,9324,0.0480998
USTCUSDT,BUY,LIMIT,1702226072420,11253,0.0481049
USTCUSDT,BUY,LIMIT,1702226074825,70776,0.0481406
USTCUSDT,BUY,LIMIT,1702226077259,29370,0.0481689
USTCUSDT,BUY,LIMIT,1702226078983,273470,0.0484999
USTCUSDT,BUY,LIMIT,1702226094666,1771,0.0483168
USTCUSDT,BUY,LIMIT,1702226096691,1315,0.0483353
USTCUSDT,SELL,LIMIT,1702226116423,59242,0.0467205
USTCUSDT,SELL,LIMIT,1702226119298,318,0.0467152
USTCUSDT,SELL,LIMIT,1702226124853,54344,0.0466576
USTCUSDT,BUY,LIMIT,1702226200989,5704,0.0484161
USTCUSDT,BUY,LIMIT,1702226208178,26260,0.0485424
USTCUSDT,BUY,LIMIT,1702226209337,1243,0.0485858
USTCUSDT,SELL,LIMIT,1702226241827,30237,0.0469211
USTCUSDT,SELL,LIMIT,1702226365365,103620,0.0468414
USTCUSDT,SELL,LIMIT,1702226389135,1827,0.0468338
USTCUSDT,SELL,LIMIT,1702226390267,3051,0.0468033
USTCUSDT,SELL,LIMIT,1702226406148,1763,0.0467361
USTCUSDT,SELL,LIMIT,1702226428569,7677,0.0465793
USTCUSDT,SELL,LIMIT,1702226430507,46644,0.0465509
USTCUSDT,BUY,LIMIT,1702226518324,30844,0.0483910
USTCUSDT,BUY,LIMIT,1702226526091,32308,0.0484749
USTCUSDT,BUY,LIMIT,1702226528702,27850,0.0485040
USTCUSDT,BUY,LIMIT,1702226530072,1020,0.0485381
USTCUSDT,BUY,LIMIT,1702226540833,24054,0.0487268
USTCUSDT,BUY,LIMIT,1702226542226,135,0.0487789
USTCUSDT,BUY,LIMIT,1702226543373,22297,0.0487708
USTCUSDT,BUY,LIMIT,1702226547304,1495,0.0488097
USTCUSDT,BUY,LIMIT,1702226548693,29052,0.0488345
USTCUSDT,BUY,LIMIT,1702226550510,4522,0.0489334
USTCUSDT,BUY,LIMIT,1702226553249,15928,0.0490215
USTCUSDT,BUY,LIMIT,1702226555396,55167,0.0490284
USTCUSDT,BUY,LIMIT,1702226557750,45962,0.0490939
USTCUSDT,BUY,LIMIT,1702226562752,671,0.0491437
USTCUSDT,BUY,LIMIT,1702226564172,24485,0.0491909
USTCUSDT,BUY,LIMIT,1702226575476,11815,0.0493270
USTCUSDT,BUY,LIMIT,1702226589447,454,0.0494502
USTCUSDT,BUY,LIMIT,1702226605125,11746,0.0495200
USTCUSDT,BUY,LIMIT,1702226607300,5032,0.0495566
USTCUSDT,BUY,LIMIT,1702226625016,20582,0.0496331
USTCUSDT,BUY,LIMIT,1702226627007,5830,0.0496598
USTCUSDT,BUY,LIMIT,1702226632979,5609,0.0497291
USTCUSDT,BUY,LIMIT,1702226639216,79395,0.0497741
USTCUSDT,BUY,LIMIT,1702226640287,1381,0.0498682
USTCUSDT,BUY,LIMIT,1702226654152,104760,0.0499704
USTCUSDT,BUY,LIMIT,1702226655170,5768,0.0499380
USTCUSDT,BUY,LIMIT,1702226661818,8905,0.0500611
USTCUSDT,BUY,LIMIT,1702226679375,36864,0.0500898
USTCUSDT,SELL,LIMIT,1702226720616,9312,0.0484863
USTCUSDT,SELL,LIMIT,1702226771625,10160,0.0482356
USTCUSDT,BUY,LIMIT,1702226784363,2161,0.0499748
USTCUSDT,BUY,LIMIT,1702226797484,1211,0.0502891
USTCUSDT,BUY,LIMIT,1702226799878,30150,0.0503537
USTCUSDT,BUY,LIMIT,1702226805776,15286,0.0503836
USTCUSDT,BUY,LIMIT,1702226806992,22504,0.0505005
USTCUSDT,BUY,LIMIT,1702226810244,411,0.0506243
USTCUSDT,BUY,LIMIT,1702226818499,1216,0.0506715
USTCUSDT,BUY,LIMIT,1702226820880,6761,0.0506696
USTCUSDT,BUY,LIMIT,1702226822347,280,0.0507791
USTCUSDT,BUY,LIMIT,1702226836093,24007,0.0508863
USTCUSDT,BUY,LIMIT,1702226837223,3484,0.0509517
USTCUSDT,BUY,LIMIT,1702226838329,20114,0.0511439
USTCUSDT,BUY,LIMIT,1702226839437,15632,0.0511540
USTCUSDT,BUY,LIMIT,1702226840577,101378,0.0512043
USTCUSDT,BUY,LIMIT,1702226841902,1411,0.0513444
USTCUSDT,BUY,LIMIT,1702226849914,8792,0.0513569
USTCUSDT,BUY,LIMIT,1702226851210,3160,0.0514047
USTCUSDT,BUY,LIMIT,1702226853006,8629,0.0514381
USTCUSDT,BUY,LIMIT,1702226856711,50278,0.0514669
USTCUSDT,BUY,LIMIT,1702226871552,12237,0.0514979
USTCUSDT,BUY,LIMIT,1702226876275,655,0.0515887
USTCUSDT,BUY,LIMIT,1702226880289,19230,0.0516362
USTCUSDT,BUY,LIMIT,1702226881331,251041,0.0519934
USTCUSDT,BUY,LIMIT,1702226882655,14042,0.0516903
USTCUSDT,BUY,LIMIT,1702226884587,3941,0.0517446
USTCUSDT,SELL,LIMIT,1702226896303,72101,0.0499089
USTCUSDT,SELL,LIMIT,1702226898560,2006,0.0498375
USTCUSDT,BUY,LIMIT,1702226911181,9381,0.0515508
USTCUSDT,BUY,LIMIT,1702226929202,460,0.0517584
USTCUSDT,BUY,LIMIT,1702226934998,7904,0.0518117
USTCUSDT,BUY,LIMIT,1702226936395,7506,0.0518676
USTCUSDT,SELL,LIMIT,1702226951549,48841,0.0501100
USTCUSDT,SELL,LIMIT,1702226952553,1386,0.0500390
USTCUSDT,BUY,LIMIT,1702226964145,791,0.0519701
USTCUSDT,BUY,LIMIT,1702226965252,2585,0.0519051
USTCUSDT,BUY,LIMIT,1702226967883,23535,0.0521038
USTCUSDT,BUY,LIMIT,1702226970741,3010,0.0521624
USTCUSDT,BUY,LIMIT,1702226975522,1577,0.0522177
USTCUSDT,BUY,LIMIT,1702226976652,8016,0.0523850
USTCUSDT,BUY,LIMIT,1702227039129,32288,0.0524686
USTCUSDT,BUY,LIMIT,1702227040279,41953,0.0524687
USTCUSDT,BUY,LIMIT,1702227041929,69608,0.0525870
USTCUSDT,SELL,LIMIT,1702227064424,21233,0.0507116
USTCUSDT,SELL,LIMIT,1702227065486,96682,0.0506785
USTCUSDT,SELL,LIMIT,1702227067138,16109,0.0506480
USTCUSDT,SELL,LIMIT,1702227068806,653,0.0506136
USTCUSDT,BUY,LIMIT,1702227082548,213,0.0524291
USTCUSDT,SELL,LIMIT,1702227126666,20407,0.0506212
USTCUSDT,SELL,LIMIT,1702227131524,33387,0.0505683
USTCUSDT,SELL,LIMIT,1702227133284,16122,0.0505181
USTCUSDT,SELL,LIMIT,1702227135292,1842,0.0505128
USTCUSDT,SELL,LIMIT,1702227137511,32374,0.0503828
USTCUSDT,SELL,LIMIT,1702227138561,1037,0.0503438
USTCUSDT,SELL,LIMIT,1702227140684,5926,0.0503025
USTCUSDT,BUY,LIMIT,1702227151939,19654,0.0520412
USTCUSDT,SELL,LIMIT,1702227161188,270,0.0502502
USTCUSDT,SELL,LIMIT,1702227164508,40300,0.0502198
USTCUSDT,SELL,LIMIT,1702227184212,3890,0.0501654
USTCUSDT,SELL,LIMIT,1702227191982,75862,0.0501591
USTCUSDT,SELL,LIMIT,1702227197243,368,0.0501451
USTCUSDT,SELL,LIMIT,1702227199841,2136,0.0501331
USTCUSDT,SELL,LIMIT,1702227202650,11074,0.0500431
USTCUSDT,BUY,LIMIT,1702227213300,19755,0.0519063
USTCUSDT,BUY,LIMIT,1702227214654,98154,0.0518924
USTCUSDT,BUY,LIMIT,1702227238158,73572,0.0519503
USTCUSDT,BUY,LIMIT,1702227252188,486,0.0519872
USTCUSDT,BUY,LIMIT,1702227260058,2491,0.0520955
USTCUSDT,BUY,LIMIT,1702227264278,7883,0.0521739
USTCUSDT,BUY,LIMIT,1702227268004,97866,0.0523088
USTCUSDT,BUY,LIMIT,1702227274144,9495,0.0524704
USTCUSDT,BUY,LIMIT,1702227277696,22025,0.0524841
USTCUSDT,BUY,LIMIT,1702227280017,99,0.0525744
USTCUSDT,BUY,LIMIT,1702227282222,975,0.0526138
USTCUSDT,BUY,LIMIT,1702227283245,893,0.0526973
USTCUSDT,BUY,LIMIT,1702227284407,878,0.0526428
USTCUSDT,BUY,LIMIT,1702227307208,3531,0.0527820
USTCUSDT,BUY,LIMIT,1702227308390,19286,0.0528333
USTCUSDT,BUY,LIMIT,1702227309662,5108,0.0528715
USTCUSDT,BUY,LIMIT,1702227311072,2585,0.0529363
USTCUSDT,BUY,LIMIT,1702227313292,1386,0.0529823
USTCUSDT,BUY,LIMIT,1702227316332,10996,0.0530602
USTCUSDT,BUY,LIMIT,1702227317492,8391,0.0530706
USTCUSDT,BUY,LIMIT,1702227318614,1984,0.0531181
USTCUSDT,BUY,LIMIT,1702227320117,5175,0.0531926
USTCUSDT,BUY,LIMIT,1702227321291,14429,0.0532689
USTCUSDT,BUY,LIMIT,1702227326038,188,0.0533125
USTCUSDT,BUY,LIMIT,1702227330928,3978,0.0533529
USTCUSDT,BUY,LIMIT,1702227358882,2158,0.0534085
USTCUSDT,SELL,LIMIT,1702227388078,2746,0.0514606
USTCUSDT,SELL,LIMIT,1702227390234,5906,0.0514470
USTCUSDT,SELL,LIMIT,1702227392661,922,0.0513819
USTCUSDT,SELL,LIMIT,1702227395921,14976,0.0513430
USTCUSDT,BUY,LIMIT,1702227415360,2559,0.0530885
USTCUSDT,SELL,LIMIT,1702227430143,7535,0.0513445
USTCUSDT,SELL,LIMIT,1702227431151,5932,0.0512156
USTCUSDT,SELL,LIMIT,1702227435884,22022,0.0511862
USTCUSDT,SELL,LIMIT,1702227458616,7672,0.0511199
USTCUSDT,SELL,LIMIT,1702227460197,47307,0.0510882
USTCUSDT,SELL,LIMIT,1702227494490,19247,0.0509311
USTCUSDT,BUY,LIMIT,1702227562276,3205,0.0527519
USTCUSDT,BUY,LIMIT,1702227563464,4207,0.0527960
USTCUSDT,SELL,LIMIT,1702227593522,194,0.0511430
USTCUSDT,SELL,LIMIT,1702227594716,96006,0.0510058
USTCUSDT,SELL,LIMIT,1702227610575,72115,0.0509705
USTCUSDT,SELL,LIMIT,1702227615165,152,0.0508292
USTCUSDT,SELL,LIMIT,1702227616217,7524,0.0508724
USTCUSDT,SELL,LIMIT,1702227617312,4499,0.0506471
USTCUSDT,SELL,LIMIT,1702227618361,10924,0.0502640
USTCUSDT,SELL,LIMIT,1702227619490,22990,0.0504274
USTCUSDT,SELL,LIMIT,1702227632304,129,0.0502638
USTCUSDT,SELL,LIMIT,1702227635298,38223,0.0501643
USTCUSDT,SELL,LIMIT,1702227654815,960,0.0500972
USTCUSDT,SELL,LIMIT,1702227677140,3983,0.0500877
USTCUSDT,SELL,LIMIT,1702227678198,429907,0.0496226
USTCUSDT,SELL,LIMIT,1702227679394,507,0.0499609
USTCUSDT,SELL,LIMIT,1702227680689,589,0.0499061
USTCUSDT,SELL,LIMIT,1702227682267,10980,0.0498466
USTCUSDT,SELL,LIMIT,1702227699210,3555,0.0497134
USTCUSDT,SELL,LIMIT,1702227700452,830,0.0497629
USTCUSDT,BUY,LIMIT,1702227730629,36788,0.0515802
USTCUSDT,BUY,LIMIT,1702227732083,1287,0.0515987
USTCUSDT,BUY,LIMIT,1702227733417,2234,0.0515815
USTCUSDT,BUY,LIMIT,1702227735248,2167,0.0516519
USTCUSDT,BUY,LIMIT,1702227743483,10848,0.0517317
USTCUSDT,BUY,LIMIT,1702227758101,73906,0.0517558
USTCUSDT,BUY,LIMIT,1702227790463,9666,0.0518517
USTCUSDT,BUY,LIMIT,1702227792164,170,0.0518981
USTCUSDT,BUY,LIMIT,1702227797824,98019,0.0520767
USTCUSDT,BUY,LIMIT,1702227804812,27177,0.0521934
USTCUSDT,BUY,LIMIT,1702227807065,4426,0.0522852
USTCUSDT,BUY,LIMIT,1702227809026,223,0.0523563
USTCUSDT,BUY,LIMIT,1702227824413,585,0.0525219
USTCUSDT,SELL,LIMIT,1702227849420,105,0.0507450
USTCUSDT,BUY,LIMIT,1702227860267,5012,0.0526039
USTCUSDT,SELL,LIMIT,1702227886180,3106,0.0507802
USTCUSDT,SELL,LIMIT,1702227887210,255,0.0507450
USTCUSDT,SELL,LIMIT,1702227888327,8507,0.0507098
USTCUSDT,SELL,LIMIT,1702227890313,26691,0.0506236
USTCUSDT,SELL,LIMIT,1702227969525,2103,0.0505808
USTCUSDT,SELL,LIMIT,1702227973271,486,0.0505840
USTCUSDT,BUY,LIMIT,1702228025323,6011,0.0521131
USTCUSDT,SELL,LIMIT,1702228038695,374,0.0505430
USTCUSDT,BUY,LIMIT,1702228082650,10853,0.0524157
USTCUSDT,BUY,LIMIT,1702228086252,739,0.0525282
USTCUSDT,BUY,LIMIT,1702228088165,17217,0.0525863
USTCUSDT,BUY,LIMIT,1702228090239,1369,0.0526062
USTCUSDT,BUY,LIMIT,1702228094630,48409,0.0526425
USTCUSDT,BUY,LIMIT,1702228098167,1118,0.0527807
USTCUSDT,BUY,LIMIT,1702228099175,44914,0.0528256
USTCUSDT,SELL,LIMIT,1702228122626,941,0.0510254
USTCUSDT,SELL,LIMIT,1702228123782,1490,0.0509167
USTCUSDT,BUY,LIMIT,1702228161304,9891,0.0527334
USTCUSDT,BUY,LIMIT,1702228177521,27423,0.0527927
USTCUSDT,BUY,LIMIT,1702228186325,12466,0.0529340
USTCUSDT,BUY,LIMIT,1702228239504,32718,0.0528929
USTCUSDT,SELL,LIMIT,1702228301691,5858,0.0510868
USTCUSDT,SELL,LIMIT,1702228397330,159,0.0509337
USTCUSDT,SELL,LIMIT,1702228436452,16616,0.0509374
USTCUSDT,SELL,LIMIT,1702228444060,5987,0.0508430
USTCUSDT,SELL,LIMIT,1702228448053,5782,0.0508099
USTCUSDT,SELL,LIMIT,1702228449974,4041,0.0507460
USTCUSDT,SELL,LIMIT,1702228452868,9630,0.0506636
USTCUSDT,BUY,LIMIT,1702228518688,611,0.0525429
USTCUSDT,SELL,LIMIT,1702228535457,734,0.0506727
USTCUSDT,SELL,LIMIT,1702228556342,5124,0.0505530
USTCUSDT,SELL,LIMIT,1702228557404,25204,0.0505269
USTCUSDT,SELL,LIMIT,1702228567045,7830,0.0504804
USTCUSDT,SELL,LIMIT,1702228571384,6347,0.0504706
USTCUSDT,SELL,LIMIT,1702228577195,465,0.0504083
USTCUSDT,SELL,LIMIT,1702228579187,43183,0.0503843
USTCUSDT,SELL,LIMIT,1702228586595,3812,0.0503379
USTCUSDT,SELL,LIMIT,1702228588607,89667,0.0503177
USTCUSDT,SELL,LIMIT,1702228591047,18409,0.0503118
USTCUSDT,SELL,LIMIT,1702228601681,2445,0.0502840
USTCUSDT,BUY,LIMIT,1702228689935,8757,0.0522911
USTCUSDT,BUY,LIMIT,1702228694385,22390,0.0523259
USTCUSDT,BUY,LIMIT,1702228698358,4813,0.0524098
USTCUSDT,BUY,LIMIT,1702228699461,1965,0.0524179
USTCUSDT,BUY,LIMIT,1702228769663,1415,0.0524789
USTCUSDT,BUY,LIMIT,1702228844702,8932,0.0525998
USTCUSDT,BUY,LIMIT,1702228846300,97465,0.0526813
USTCUSDT,BUY,LIMIT,1702228927841,5517,0.0527535
USTCUSDT,BUY,LIMIT,1702228939964,28182,0.0528523
USTCUSDT,BUY,LIMIT,1702228945124,76227,0.0528970
USTCUSDT,SELL,LIMIT,1702228958326,12403,0.0511362
USTCUSDT,SELL,LIMIT,1702228987849,90968,0.0510992
USTCUSDT,SELL,LIMIT,1702228989257,4890,0.0509411
USTCUSDT,SELL,LIMIT,1702228990546,17044,0.0509750
USTCUSDT,SELL,LIMIT,1702228991570,250,0.0509018
USTCUSDT,SELL,LIMIT,1702229100771,9326,0.0507644
USTCUSDT,SELL,LIMIT,1702229105423,589,0.0507042
USTCUSDT,SELL,LIMIT,1702229107036,1358,0.0506036
USTCUSDT,SELL,LIMIT,1702229154511,493,0.0505850
USTCUSDT,SELL,LIMIT,1702229157386,232,0.0505393
USTCUSDT,SELL,LIMIT,1702229158554,846,0.0505126
USTCUSDT,SELL,LIMIT,1702229162476,163,0.0504216
USTCUSDT,SELL,LIMIT,1702229176082,126,0.0502265
USTCUSDT,SELL,LIMIT,1702229177294,36634,0.0500375
USTCUSDT,SELL,LIMIT,1702229178372,3935,0.0500058
USTCUSDT,SELL,LIMIT,1702229181175,2901,0.0499158
USTCUSDT,BUY,LIMIT,1702229216283,8800,0.0519644
USTCUSDT,SELL,LIMIT,1702229230880,4849,0.0502512
USTCUSDT,SELL,LIMIT,1702229334672,15114,0.0501276
USTCUSDT,BUY,LIMIT,1702229422255,100,0.0520148
USTCUSDT,BUY,LIMIT,1702229424213,17850,0.0521219
USTCUSDT,BUY,LIMIT,1702229425262,12608,0.0520550
USTCUSDT,BUY,LIMIT,1702229432450,237,0.0521525
USTCUSDT,BUY,LIMIT,1702229438114,61954,0.0522137
USTCUSDT,BUY,LIMIT,1702229439136,586,0.0522052
USTCUSDT,SELL,LIMIT,1702229585594,5918,0.0504244
USTCUSDT,SELL,LIMIT,1702229602226,870,0.0503374
USTCUSDT,SELL,LIMIT,1702229609208,598,0.0502897
USTCUSDT,SELL,LIMIT,1702229626429,3481,0.0502353
USTCUSDT,SELL,LIMIT,1702229630305,1588,0.0501723
USTCUSDT,SELL,LIMIT,1702229638199,1679,0.0500722
USTCUSDT,SELL,LIMIT,1702229640824,1570,0.0500020
USTCUSDT,SELL,LIMIT,1702229648928,265,0.0499972
USTCUSDT,SELL,LIMIT,1702229688452,18721,0.0498951
USTCUSDT,SELL,LIMIT,1702229691273,2818,0.0498616
USTCUSDT,SELL,LIMIT,1702229750371,9230,0.0497950
USTCUSDT,SELL,LIMIT,1702229751670,1181,0.0497562
USTCUSDT,SELL,LIMIT,1702229753016,43281,0.0496750
USTCUSDT,SELL,LIMIT,1702229847008,1353,0.0496835
USTCUSDT,SELL,LIMIT,1702229851556,96618,0.0496835
USTCUSDT,BUY,LIMIT,1702229881377,26130,0.0514083
USTCUSDT,BUY,LIMIT,1702229885271,3994,0.0514899
USTCUSDT,BUY,LIMIT,1702229888187,25227,0.0515933
USTCUSDT,BUY,LIMIT,1702229889248,4159,0.0515406
USTCUSDT,BUY,LIMIT,1702229895148,4310,0.0516550
USTCUSDT,SELL,LIMIT,1702229902984,1205,0.0499071
USTCUSDT,SELL,LIMIT,1702230092242,6138,0.0497907
USTCUSDT,SELL,LIMIT,1702230098480,1168,0.0497647
USTCUSDT,SELL,LIMIT,1702230194029,7839,0.0496703
USTCUSDT,SELL,LIMIT,1702230200327,5570,0.0495591
USTCUSDT,SELL,LIMIT,1702230201562,21739,0.0495219
USTCUSDT,SELL,LIMIT,1702230203175,13655,0.0494625
USTCUSDT,SELL,LIMIT,1702230204272,7000,0.0494781
USTCUSDT,SELL,LIMIT,1702230209671,5487,0.0494440
USTCUSDT,SELL,LIMIT,1702230216157,98641,0.0494149
USTCUSDT,SELL,LIMIT,1702230218498,97373,0.0493925
USTCUSDT,SELL,LIMIT,1702230219564,1255,0.0493766
USTCUSDT,SELL,LIMIT,1702230220580,23821,0.0493397
USTCUSDT,SELL,LIMIT,1702230221643,5834,0.0493354
USTCUSDT,SELL,LIMIT,1702230223206,2203,0.0493066
USTCUSDT,SELL,LIMIT,1702230224422,359,0.0493104
USTCUSDT,SELL,LIMIT,1702230225423,10931,0.0492591
USTCUSDT,SELL,LIMIT,1702230226565,23578,0.0491847
USTCUSDT,SELL,LIMIT,1702230228384,15416,0.0492667
USTCUSDT,SELL,LIMIT,1702230255190,861,0.0491231
USTCUSDT,SELL,LIMIT,1702230259700,226,0.0491356
USTCUSDT,SELL,LIMIT,1702230276086,12164,0.0490422
USTCUSDT,SELL,LIMIT,1702230277370,1936,0.0490625
USTCUSDT,SELL,LIMIT,1702230281171,45322,0.0490271
USTCUSDT,SELL,LIMIT,1702230282242,3140,0.0490322
USTCUSDT,SELL,LIMIT,1702230283591,2985,0.0490099
USTCUSDT,SELL,LIMIT,1702230284783,19979,0.0489897
USTCUSDT,SELL,LIMIT,1702230285896,20254,0.0489702
USTCUSDT,SELL,LIMIT,1702230287092,1172,0.0489177
USTCUSDT,SELL,LIMIT,1702230288482,56776,0.0488959
USTCUSDT,SELL,LIMIT,1702230289666,4725,0.0488776
USTCUSDT,SELL,LIMIT,1702230315208,936,0.0488689
USTCUSDT,SELL,LIMIT,1702230316453,4746,0.0488606
USTCUSDT,SELL,LIMIT,1702230369342,2154,0.0488298
USTCUSDT,BUY,LIMIT,1702230400306,26034,0.0505881
USTCUSDT,BUY,LIMIT,1702230401436,1197,0.0506534
USTCUSDT,BUY,LIMIT,1702230409147,100300,0.0508370
USTCUSDT,BUY,LIMIT,1702230431167,692,0.0508564
USTCUSDT,BUY,LIMIT,1702230441413,415,0.0509036
USTCUSDT,BUY,LIMIT,1702230442418,397,0.0509100
USTCUSDT,BUY,LIMIT,1702230453607,16732,0.0509390
USTCUSDT,BUY,LIMIT,1702230461608,13756,0.0509574
USTCUSDT,BUY,LIMIT,1702230527233,3425,0.0509957
USTCUSDT,BUY,LIMIT,1702230685936,4990,0.0509914
USTCUSDT,BUY,LIMIT,1702230687616,1861,0.0510472
USTCUSDT,BUY,LIMIT,1702230768455,12414,0.0511381
USTCUSDT,BUY,LIMIT,1702230781749,53584,0.0511614
USTCUSDT,BUY,LIMIT,1702230810709,79936,0.0512120
USTCUSDT,BUY,LIMIT,1702230812490,979,0.0512091
USTCUSDT,BUY,LIMIT,1702230813725,398,0.0512444
USTCUSDT,BUY,LIMIT,1702230816875,7706,0.0512733
USTCUSDT,SELL,LIMIT,1702230917473,7410,0.0493595
USTCUSDT,SELL,LIMIT,1702230919704,900,0.0492847
USTCUSDT,SELL,LIMIT,1702231152608,26607,0.0492509
USTCUSDT,SELL,LIMIT,1702231158156,35742,0.0492251
USTCUSDT,SELL,LIMIT,1702231165209,104,0.0492073
USTCUSDT,SELL,LIMIT,1702231270394,61220,0.0491701
USTCUSDT,SELL,LIMIT,1702231271909,22435,0.0491326
USTCUSDT,SELL,LIMIT,1702231273124,7008,0.0490668
USTCUSDT,SELL,LIMIT,1702231274420,30268,0.0490198
USTCUSDT,SELL,LIMIT,1702231277122,1930,0.0489905
USTCUSDT,SELL,LIMIT,1702231278416,4554,0.0489658
USTCUSDT,SELL,LIMIT,1702231331222,101,0.0488875
USTCUSDT,SELL,LIMIT,1702231335168,2688,0.0488241
USTCUSDT,SELL,LIMIT,1702231336285,99937,0.0488317
USTCUSDT,SELL,LIMIT,1702231337298,2809,0.0488059
USTCUSDT,SELL,LIMIT,1702231340925,3135,0.0487984
USTCUSDT,SELL,LIMIT,1702231360381,872,0.0487868
USTCUSDT,SELL,LIMIT,1702231362077,220,0.0487760
USTCUSDT,SELL,LIMIT,1702231363115,32201,0.0487635
USTCUSDT,SELL,LIMIT,1702231365296,1262,0.0487678
USTCUSDT,SELL,LIMIT,1702231366555,15075,0.0487396
USTCUSDT,SELL,LIMIT,1702231369556,103,0.0486988
USTCUSDT,SELL,LIMIT,1702231370563,2691,0.0486867
USTCUSDT,SELL,LIMIT,1702231372486,343,0.0486599
USTCUSDT,SELL,LIMIT,1702231375856,3779,0.0486096
USTCUSDT,SELL,LIMIT,1702231377207,58492,0.0485892
USTCUSDT,SELL,LIMIT,1702231378333,20969,0.0485971
USTCUSDT,SELL,LIMIT,1702231380622,1500,0.0485756
USTCUSDT,SELL,LIMIT,1702231381772,21027,0.0484713
USTCUSDT,SELL,LIMIT,1702231407203,20983,0.0485908
USTCUSDT,SELL,LIMIT,1702231431257,1423,0.0484212
USTCUSDT,SELL,LIMIT,1702231435064,1594,0.0484268
USTCUSDT,SELL,LIMIT,1702231438135,194,0.0483554
USTCUSDT,SELL,LIMIT,1702231439234,8890,0.0483236
USTCUSDT,SELL,LIMIT,1702231440437,1484,0.0482955
USTCUSDT,SELL,LIMIT,1702231441683,1784,0.0482275
USTCUSDT,SELL,LIMIT,1702231442735,2932,0.0482026
USTCUSDT,SELL,LIMIT,1702231491062,1004,0.0479994
USTCUSDT,SELL,LIMIT,1702231492121,21780,0.0480123
USTCUSDT,SELL,LIMIT,1702231493217,67129,0.0479889
USTCUSDT,SELL,LIMIT,1702231494352,25041,0.0479703
USTCUSDT,SELL,LIMIT,1702231495357,4347,0.0479217
USTCUSDT,SELL,LIMIT,1702231496448,3776,0.0478902
USTCUSDT,SELL,LIMIT,1702231497451,7787,0.0478675
USTCUSDT,BUY,LIMIT,1702231513092,437,0.0495154
USTCUSDT,BUY,LIMIT,1702231518242,2982,0.0495650
USTCUSDT,BUY,LIMIT,1702231521356,74249,0.0496243
USTCUSDT,SELL,LIMIT,1702231703366,2272,0.0479205
USTCUSDT,SELL,LIMIT,1702231706247,10183,0.0479024
USTCUSDT,BUY,LIMIT,1702231770598,3637,0.0496415
USTCUSDT,BUY,LIMIT,1702231784944,34831,0.0496804
USTCUSDT,BUY,LIMIT,1702231981128,1480,0.0497964
USTCUSDT,BUY,LIMIT,1702231982204,10885,0.0498322
USTCUSDT,BUY,LIMIT,1702232126803,17140,0.0498952
USTCUSDT,BUY,LIMIT,1702232133203,1706,0.0499656
USTCUSDT,SELL,LIMIT,1702232218607,47000,0.0481996
USTCUSDT,SELL,LIMIT,1702232223327,111,0.0481289
USTCUSDT,SELL,LIMIT,1702232228038,247,0.0481104
USTCUSDT,SELL,LIMIT,1702232267745,10295,0.0480544
USTCUSDT,SELL,LIMIT,1702232270300,135,0.0480458
USTCUSDT,BUY,LIMIT,1702232308321,14790,0.0498159
USTCUSDT,BUY,LIMIT,1702232316513,149,0.0498365
USTCUSDT,SELL,LIMIT,1702232557876,4050,0.0483740
USTCUSDT,SELL,LIMIT,1702232581820,2338,0.0482847
USTCUSDT,SELL,LIMIT,1702232584643,13523,0.0482673
USTCUSDT,SELL,LIMIT,1702232871199,2394,0.0483727
USTCUSDT,BUY,LIMIT,1702233086679,13014,0.0501741
USTCUSDT,BUY,LIMIT,1702233088229,705,0.0501945
USTCUSDT,BUY,LIMIT,1702233091298,16335,0.0502268
USTCUSDT,BUY,LIMIT,1702233092778,178,0.0502289
USTCUSDT,BUY,LIMIT,1702233098422,4110,0.0503501
USTCUSDT,BUY,LIMIT,1702233124492,38147,0.0504424
USTCUSDT,BUY,LIMIT,1702233126636,2900,0.0504532
USTCUSDT,BUY,LIMIT,1702233219337,76875,0.0505012
USTCUSDT,BUY,LIMIT,1702233224114,19361,0.0505018
USTCUSDT,BUY,LIMIT,1702233277091,43141,0.0505820
USTCUSDT,BUY,LIMIT,1702233278274,37180,0.0505821
USTCUSDT,BUY,LIMIT,1702233282368,102040,0.0506235
USTCUSDT,BUY,LIMIT,1702233322863,293,0.0506893
USTCUSDT,BUY,LIMIT,1702233323950,25200,0.0506942
USTCUSDT,BUY,LIMIT,1702233358480,19078,0.0507707
USTCUSDT,BUY,LIMIT,1702233360931,2038,0.0507947
USTCUSDT,BUY,LIMIT,1702233447327,7028,0.0508399
USTCUSDT,BUY,LIMIT,1702233450715,4970,0.0508490
USTCUSDT,BUY,LIMIT,1702233479441,98710,0.0509175
USTCUSDT,BUY,LIMIT,1702233531101,3352,0.0509609
USTCUSDT,SELL,LIMIT,1702233703183,2463,0.0491526
USTCUSDT,SELL,LIMIT,1702233706194,115,0.0491216
USTCUSDT,SELL,LIMIT,1702233713209,395,0.0490243
USTCUSDT,SELL,LIMIT,1702233714518,27789,0.0490219
USTCUSDT,SELL,LIMIT,1702233718187,3998,0.0490072
USTCUSDT,SELL,LIMIT,1702233719242,19399,0.0489904
USTCUSDT,SELL,LIMIT,1702233896115,9993,0.0489415
USTCUSDT,SELL,LIMIT,1702233898502,4547,0.0489189
USTCUSDT,BUY,LIMIT,1702234025163,1586,0.0507810
USTCUSDT,BUY,LIMIT,1702234033368,11094,0.0508123
USTCUSDT,BUY,LIMIT,1702234050851,6829,0.0508574
USTCUSDT,BUY,LIMIT,1702234056957,1925,0.0508840
USTCUSDT,SELL,LIMIT,1702234236832,78273,0.0491048
USTCUSDT,SELL,LIMIT,1702234360490,2882,0.0489902
USTCUSDT,SELL,LIMIT,1702234362129,374,0.0489695
USTCUSDT,SELL,LIMIT,1702234365078,2222,0.0489020
USTCUSDT,SELL,LIMIT,1702234367609,25403,0.0489070
USTCUSDT,SELL,LIMIT,1702234371456,986,0.0488898
USTCUSDT,SELL,LIMIT,1702234537534,4012,0.0488257
USTCUSDT,SELL,LIMIT,1702234690434,1576,0.0487883
USTCUSDT,SELL,LIMIT,1702234766172,125,0.0487580
USTCUSDT,SELL,LIMIT,1702234767374,1665,0.0487158
USTCUSDT,SELL,LIMIT,1702234768526,774,0.0485759
USTCUSDT,BUY,LIMIT,1702235008662,167,0.0503633
USTCUSDT,SELL,LIMIT,1702235089105,8188,0.0485689
USTCUSDT,SELL,LIMIT,1702235091144,1015,0.0485628
USTCUSDT,SELL,LIMIT,1702235093540,100401,0.0485343
USTCUSDT,SELL,LIMIT,1702235098466,4016,0.0485121
USTCUSDT,SELL,LIMIT,1702235100388,582,0.0484846
USTCUSDT,SELL,LIMIT,1702235102053,31387,0.0484506
USTCUSDT,SELL,LIMIT,1702235162973,7607,0.0484097
USTCUSDT,SELL,LIMIT,1702235165228,5066,0.0483280
USTCUSDT,SELL,LIMIT,1702235167276,11477,0.0483108
USTCUSDT,SELL,LIMIT,1702235184786,1568,0.0482141
USTCUSDT,SELL,LIMIT,1702235212319,14330,0.0482057
USTCUSDT,SELL,LIMIT,1702235222052,8312,0.0481917
USTCUSDT,SELL,LIMIT,1702235281099,87935,0.0481490
USTCUSDT,SELL,LIMIT,1702235283109,4867,0.0481187
USTCUSDT,SELL,LIMIT,1702235284318,22836,0.0480663
USTCUSDT,SELL,LIMIT,1702235305215,2606,0.0479800
USTCUSDT,SELL,LIMIT,1702235310719,58270,0.0479417
USTCUSDT,SELL,LIMIT,1702235315373,8094,0.0479078
USTCUSDT,SELL,LIMIT,1702235321160,5077,0.0478515
USTCUSDT,SELL,LIMIT,1702235328021,9933,0.0477695
USTCUSDT,SELL,LIMIT,1702235337495,3798,0.0477960
USTCUSDT,SELL,LIMIT,1702235584942,3091,0.0478005
USTCUSDT,SELL,LIMIT,1702235586110,84223,0.0477849
USTCUSDT,SELL,LIMIT,1702235587235,410,0.0477788
USTCUSDT,SELL,LIMIT,1702235597056,34385,0.0477418
USTCUSDT,SELL,LIMIT,1702235598527,747,0.0477113
USTCUSDT,SELL,LIMIT,1702235617349,5573,0.0477036
USTCUSDT,SELL,LIMIT,1702235619150,93946,0.0476992
USTCUSDT,SELL,LIMIT,1702235620272,2868,0.0476887
USTCUSDT,SELL,LIMIT,1702235621803,12828,0.0476430
USTCUSDT,SELL,LIMIT,1702235629475,2519,0.0476302
USTCUSDT,SELL,LIMIT,1702235632136,274,0.0476001
USTCUSDT,SELL,LIMIT,1702235633203,1996,0.0475971
USTCUSDT,SELL,LIMIT,1702235764468,1311,0.0476191
USTCUSDT,BUY,LIMIT,1702235924086,1396,0.0493234
USTCUSDT,BUY,LIMIT,1702235928486,194,0.0493379
USTCUSDT,SELL,LIMIT,1702236037472,20400,0.0480719
USTCUSDT,SELL,LIMIT,1702236324124,4925,0.0478517
USTCUSDT,SELL,LIMIT,1702236342741,2004,0.0478409
USTCUSDT,SELL,LIMIT,1702236364742,35921,0.0478072
USTCUSDT,SELL,LIMIT,1702236372082,885,0.0477359
USTCUSDT,BUY,LIMIT,1702236433563,39534,0.0494485
USTCUSDT,BUY,LIMIT,1702236441943,502,0.0495198
USTCUSDT,BUY,LIMIT,1702236861141,30895,0.0496780
USTCUSDT,BUY,LIMIT,1702236865295,4618,0.0497028
USTCUSDT,BUY,LIMIT,1702236866529,131,0.0497028
USTCUSDT,BUY,LIMIT,1702236891198,11826,0.0498011
USTCUSDT,BUY,LIMIT,1702236983219,1436,0.0498755
USTCUSDT,SELL,LIMIT,1702237197087,10539,0.0480916
USTCUSDT,SELL,LIMIT,1702237240543,4097,0.0479825
USTCUSDT,SELL,LIMIT,1702237620527,5111,0.0478450
USTCUSDT,SELL,LIMIT,1702237634777,20772,0.0477559
USTCUSDT,SELL,LIMIT,1702237639952,2236,0.0477299
USTCUSDT,SELL,LIMIT,1702237670760,1575,0.0477102
USTCUSDT,SELL,LIMIT,1702237674935,48331,0.0476810
USTCUSDT,SELL,LIMIT,1702237675980,5720,0.0476154
USTCUSDT,BUY,LIMIT,1702237833996,32471,0.0493245
USTCUSDT,BUY,LIMIT,1702238047047,236,0.0493982
USTCUSDT,BUY,LIMIT,1702238088147,15421,0.0495402
USTCUSDT,BUY,LIMIT,1702238099505,252,0.0495475
USTCUSDT,BUY,LIMIT,1702238159165,51303,0.0496647
USTCUSDT,BUY,LIMIT,1702238160426,9453,0.0496973
USTCUSDT,BUY,LIMIT,1702238163246,4368,0.0497283
USTCUSDT,BUY,LIMIT,1702238512452,387,0.0498226
USTCUSDT,BUY,LIMIT,1702238514340,10402,0.0498351
USTCUSDT,BUY,LIMIT,1702238528936,59218,0.0499021
USTCUSDT,BUY,LIMIT,1702238542324,2638,0.0499114
USTCUSDT,BUY,LIMIT,1702238547198,7201,0.0499532
USTCUSDT,BUY,LIMIT,1702238549298,4871,0.0499726
USTCUSDT,BUY,LIMIT,1702238556125,76986,0.0500165
USTCUSDT,BUY,LIMIT,1702238557542,23013,0.0500460
USTCUSDT,BUY,LIMIT,1702238570284,10023,0.0500659
USTCUSDT,BUY,LIMIT,1702238626751,8536,0.0499514
USTCUSDT,BUY,LIMIT,1702238912180,27552,0.0499885
USTCUSDT,BUY,LIMIT,1702239023612,31741,0.0501047
USTCUSDT,BUY,LIMIT,1702239028512,1671,0.0501313
USTCUSDT,BUY,LIMIT,1702239030280,138,0.0501435
USTCUSDT,BUY,LIMIT,1702239059906,21495,0.0502664
USTCUSDT,SELL,LIMIT,1702239339985,223,0.0484434
USTCUSDT,SELL,LIMIT,1702239358549,955,0.0483750
USTCUSDT,SELL,LIMIT,1702239359585,16227,0.0483498
USTCUSDT,SELL,LIMIT,1702239389211,1910,0.0482304
USTCUSDT,SELL,LIMIT,1702239391855,1015,0.0482016
USTCUSDT,SELL,LIMIT,1702239405858,2147,0.0481668
USTCUSDT,SELL,LIMIT,1702239645515,218,0.0480397
USTCUSDT,SELL,LIMIT,1702239647242,87931,0.0479878
USTCUSDT,SELL,LIMIT,1702239648478,439,0.0479642
USTCUSDT,BUY,LIMIT,1702239794366,1122,0.0497208
USTCUSDT,SELL,LIMIT,1702239909919,369,0.0480387
USTCUSDT,SELL,LIMIT,1702240338413,20449,0.0479028
USTCUSDT,SELL,LIMIT,1702240339634,1054,0.0478774
USTCUSDT,SELL,LIMIT,1702240340672,4125,0.0478634
USTCUSDT,SELL,LIMIT,1702240523532,8015,0.0478364
USTCUSDT,SELL,LIMIT,1702240524931,1537,0.0478253
USTCUSDT,BUY,LIMIT,1702240708595,80488,0.0496642
USTCUSDT,SELL,LIMIT,1702240757909,4697,0.0482649
USTCUSDT,BUY,LIMIT,1702240764155,2002,0.0495522
USTCUSDT,SELL,LIMIT,1702240828422,541,0.0477812
USTCUSDT,SELL,LIMIT,1702240841857,3099,0.0477554
USTCUSDT,SELL,LIMIT,1702240978289,143,0.0476449
USTCUSDT,SELL,LIMIT,1702240983429,2015,0.0476267
USTCUSDT,SELL,LIMIT,1702240987608,28657,0.0476037
USTCUSDT,SELL,LIMIT,1702241016599,644,0.0476534
USTCUSDT,SELL,LIMIT,1702241045235,31286,0.0475791
USTCUSDT,SELL,LIMIT,1702241047098,105713,0.0475287
USTCUSDT,SELL,LIMIT,1702241048859,101173,0.0475263
USTCUSDT,SELL,LIMIT,1702241050448,449,0.0474815
USTCUSDT,SELL,LIMIT,1702241052081,318,0.0473191
USTCUSDT,SELL,LIMIT,1702241053093,985,0.0472308
USTCUSDT,SELL,LIMIT,1702241054103,3005,0.0472029
USTCUSDT,SELL,LIMIT,1702241055422,9124,0.0470460
USTCUSDT,SELL,LIMIT,1702241056440,39703,0.0470375
USTCUSDT,SELL,LIMIT,1702241058928,633,0.0470118
USTCUSDT,SELL,LIMIT,1702241063141,9017,0.0469639
USTCUSDT,BUY,LIMIT,1702241351183,137,0.0490175
USTCUSDT,BUY,LIMIT,1702241411378,24774,0.0491120
USTCUSDT,BUY,LIMIT,1702241914262,118,0.0492010
USTCUSDT,BUY,LIMIT,1702241915304,5083,0.0492003
USTCUSDT,SELL,LIMIT,1702242074215,21933,0.0474308
USTCUSDT,BUY,LIMIT,1702242788436,70759,0.0492459
USTCUSDT,SELL,LIMIT,1702242809104,142,0.0477726
USTCUSDT,SELL,LIMIT,1702242934326,49576,0.0474942
USTCUSDT,SELL,LIMIT,1702242967431,1925,0.0474427
USTCUSDT,SELL,LIMIT,1702243479302,10339,0.0474026
USTCUSDT,SELL,LIMIT,1702243642253,1398,0.0474960
USTCUSDT,SELL,LIMIT,1702243645691,10273,0.0474605
USTCUSDT,BUY,LIMIT,1702244056433,130,0.0493030
USTCUSDT,BUY,LIMIT,1702244071005,1890,0.0493379
USTCUSDT,BUY,LIMIT,1702244072068,2368,0.0493689
USTCUSDT,BUY,LIMIT,1702244101383,4362,0.0494264
USTCUSDT,SELL,LIMIT,1702244692711,8850,0.0479210
USTCUSDT,SELL,LIMIT,1702245151753,21225,0.0478776
USTCUSDT,SELL,LIMIT,1702245162892,59466,0.0478377
USTCUSDT,SELL,LIMIT,1702245165269,1571,0.0478142
USTCUSDT,SELL,LIMIT,1702245363593,14276,0.0477113
USTCUSDT,SELL,LIMIT,1702245591901,60,0.0477704
USTCUSDT,SELL,LIMIT,1702245680414,5503,0.0476306
USTCUSDT,SELL,LIMIT,1702245682539,51446,0.0475887
USTCUSDT,SELL,LIMIT,1702245686198,4124,0.0475248
USTCUSDT,SELL,LIMIT,1702245688026,1896,0.0475111
USTCUSDT,SELL,LIMIT,1702245691866,9801,0.0475054
USTCUSDT,SELL,LIMIT,1702245702392,42230,0.0474516
USTCUSDT,BUY,LIMIT,1702245961016,3633,0.0491910
USTCUSDT,SELL,LIMIT,1702246257870,2530,0.0474007
USTCUSDT,SELL,LIMIT,1702246259262,132,0.0473980
USTCUSDT,SELL,LIMIT,1702246302352,2345,0.0472629
USTCUSDT,SELL,LIMIT,1702246306769,16211,0.0472274
USTCUSDT,SELL,LIMIT,1702246646145,842,0.0472527
USTCUSDT,SELL,LIMIT,1702246647687,9103,0.0472244
USTCUSDT,SELL,LIMIT,1702246921495,61620,0.0470946
USTCUSDT,BUY,LIMIT,1702247819224,415,0.0490913
USTCUSDT,BUY,LIMIT,1702247868397,269,0.0491747
USTCUSDT,BUY,LIMIT,1702248494176,579,0.0494162
USTCUSDT,BUY,LIMIT,1702248503109,40579,0.0494443
USTCUSDT,BUY,LIMIT,1702248513258,1431,0.0494895
USTCUSDT,SELL,LIMIT,1702248810850,102396,0.0478142
USTCUSDT,BUY,LIMIT,1702249006586,44381,0.0496540
USTCUSDT,SELL,LIMIT,1702249183181,18531,0.0479346
USTCUSDT,SELL,LIMIT,1702249184246,322,0.0480055
USTCUSDT,BUY,LIMIT,1702249326155,19687,0.0496362
USTCUSDT,BUY,LIMIT,1702249352234,126,0.0495699
USTCUSDT,BUY,LIMIT,1702249711135,16733,0.0498887
