Symbol,Side,Order Type,Time,Quantity,Price
USTCUSDT,BUY,LIMIT,1701916299420,1697,0.0477812
USTCUSDT,SELL,LIMIT,1701917214558,162,0.0458931
USTCUSDT,SELL,LIMIT,1701917259161,7421,0.0457872
USTCUSDT,SELL,LIMIT,1701917263001,1017,0.0457554
USTCUSDT,SELL,LIMIT,1701917601872,45448,0.0456677
USTCUSDT,SELL,LIMIT,1701917611537,7000,0.0455794
USTCUSDT,BUY,LIMIT,1701919126028,2059,0.0469847
USTCUSDT,BUY,LIMIT,1701919127102,2929,0.0471408
USTCUSDT,BUY,LIMIT,1701919154297,18497,0.0474509
USTCUSDT,BUY,LIMIT,1701919948421,1037,0.0474532
USTCUSDT,BUY,LIMIT,1701919950840,746,0.0474847
USTCUSDT,BUY,LIMIT,1701920673333,6330,0.0476669
USTCUSDT,BUY,LIMIT,1701920726311,13303,0.0477567
USTCUSDT,BUY,LIMIT,1701921978831,184,0.0481253
USTCUSDT,SELL,LIMIT,1701922630215,116,0.0462876
USTCUSDT,BUY,LIMIT,1701923848316,7814,0.0477652
USTCUSDT,SELL,LIMIT,1701924300674,1800,0.0464728
USTCUSDT,SELL,LIMIT,1701924501800,5891,0.0461800
USTCUSDT,SELL,LIMIT,1701924752902,134,0.0460893
USTCUSDT,SELL,LIMIT,1701924833132,496,0.0460581
USTCUSDT,SELL,LIMIT,1701924836874,733,0.0460291
USTCUSDT,SELL,LIMIT,1701925158761,1067,0.0459127
USTCUSDT,SELL,LIMIT,1701927761989,26758,0.0457537
USTCUSDT,SELL,LIMIT,1701927847123,565,0.0458993
USTCUSDT,SELL,LIMIT,1701927869198,5132,0.0456812
USTCUSDT,SELL,LIMIT,1701927921663,863,0.0456508
USTCUSDT,SELL,LIMIT,1701927980403,21844,0.0456226
USTCUSDT,SELL,LIMIT,1701928028639,14240,0.0456068
USTCUSDT,BUY,LIMIT,1701928985215,3174,0.0474291
USTCUSDT,BUY,LIMIT,1701929013295,6978,0.0474893
USTCUSDT,SELL,LIMIT,1701929372296,97173,0.0459996
USTCUSDT,BUY,LIMIT,1701929760017,26858,0.0475328
USTCUSDT,BUY,LIMIT,1701929897205,354,0.0469761
USTCUSDT,SELL,LIMIT,1701930137472,18447,0.0457831
USTCUSDT,SELL,LIMIT,1701930368311,938,0.0455822
USTCUSDT,SELL,LIMIT,1701930476280,1238,0.0455142
USTCUSDT,SELL,LIMIT,1701930795317,1060,0.0454699
USTCUSDT,SELL,LIMIT,1701931457319,53981,0.0450893
USTCUSDT,SELL,LIMIT,1701931549091,10620,0.0450365
USTCUSDT,SELL,LIMIT,1701931556448,18791,0.0449066
USTCUSDT,SELL,LIMIT,1701931557696,2119,0.0448320
USTCUSDT,SELL,LIMIT,1701931569293,2000,0.0448418
USTCUSDT,SELL,LIMIT,1701931584253,4751,0.0447499
USTCUSDT,SELL,LIMIT,1701931585293,329,0.0447179
USTCUSDT,SELL,LIMIT,1701931587112,10311,0.0447004
USTCUSDT,SELL,LIMIT,1701931588261,3091,0.0447016
USTCUSDT,SELL,LIMIT,1701931591089,26485,0.0446812
USTCUSDT,SELL,LIMIT,1701931654801,261,0.0447017
USTCUSDT,SELL,LIMIT,1701931690248,7749,0.0446621
USTCUSDT,SELL,LIMIT,1701931691368,20318,0.0446604
USTCUSDT,SELL,LIMIT,1701931718364,500,0.0446324
USTCUSDT,SELL,LIMIT,1701931753518,1165,0.0445896
USTCUSDT,SELL,LIMIT,1701931756959,2079,0.0446851
USTCUSDT,SELL,LIMIT,1701931773931,6191,0.0445158
USTCUSDT,SELL,LIMIT,1701931812917,101012,0.0445107
USTCUSDT,SELL,LIMIT,1701931821347,440,0.0444917
USTCUSDT,SELL,LIMIT,1701931829246,2079,0.0444920
USTCUSDT,SELL,LIMIT,1701931831902,5434,0.0444808
USTCUSDT,SELL,LIMIT,1701931832982,95911,0.0444689
USTCUSDT,SELL,LIMIT,1701931835102,6876,0.0444510
USTCUSDT,SELL,LIMIT,1701931925016,6789,0.0444466
USTCUSDT,SELL,LIMIT,1701931930073,949,0.0444381
USTCUSDT,SELL,LIMIT,1701931931298,1010,0.0444325
USTCUSDT,SELL,LIMIT,1701931932899,857,0.0444131
USTCUSDT,SELL,LIMIT,1701931934676,4470,0.0444114
USTCUSDT,SELL,LIMIT,1701931939001,2286,0.0444030
USTCUSDT,SELL,LIMIT,1701931948274,424,0.0443435
USTCUSDT,SELL,LIMIT,1701931949380,8724,0.0443641
USTCUSDT,SELL,LIMIT,1701932494291,103,0.0449250
USTCUSDT,BUY,LIMIT,1701932927015,11128,0.0461866
USTCUSDT,BUY,LIMIT,1701932931639,13300,0.0462343
USTCUSDT,SELL,LIMIT,1701933508145,1622,0.0449194
USTCUSDT,SELL,LIMIT,1701933519351,6288,0.0448577
USTCUSDT,BUY,LIMIT,1701936083355,112,0.0465512
USTCUSDT,BUY,LIMIT,1701936140730,25037,0.0466054
USTCUSDT,BUY,LIMIT,1701936160524,1534,0.0466846
USTCUSDT,BUY,LIMIT,1701936172560,41806,0.0467603
USTCUSDT,SELL,LIMIT,1701936784154,43478,0.0450893
USTCUSDT,SELL,LIMIT,1701936872259,376,0.0447340
USTCUSDT,SELL,LIMIT,1701936907102,2000,0.0446973
USTCUSDT,SELL,LIMIT,1701936920316,1957,0.0446219
USTCUSDT,SELL,LIMIT,1701936926140,11948,0.0445727
USTCUSDT,SELL,LIMIT,1701937345609,1936,0.0447866
USTCUSDT,BUY,LIMIT,1701938291151,3599,0.0470766
USTCUSDT,SELL,LIMIT,1701939351130,113,0.0451955
USTCUSDT,SELL,LIMIT,1701939370583,43245,0.0451668
USTCUSDT,SELL,LIMIT,1701939942904,40162,0.0454366
USTCUSDT,SELL,LIMIT,1701939961472,3932,0.0453889
USTCUSDT,SELL,LIMIT,1701939997056,1085,0.0451681
USTCUSDT,SELL,LIMIT,1701940024036,20000,0.0450512
USTCUSDT,SELL,LIMIT,1701940029243,113,0.0449897
USTCUSDT,SELL,LIMIT,1701940465111,15000,0.0452391
USTCUSDT,SELL,LIMIT,1701940468108,106762,0.0451825
USTCUSDT,SELL,LIMIT,1701940556647,1638,0.0449428
USTCUSDT,SELL,LIMIT,1701940564364,9231,0.0449534
USTCUSDT,SELL,LIMIT,1701940605365,7767,0.0451736
USTCUSDT,BUY,LIMIT,1701940837045,10954,0.0467039
USTCUSDT,SELL,LIMIT,1701941146709,156,0.0451584
USTCUSDT,SELL,LIMIT,1701941152757,32643,0.0450934
USTCUSDT,SELL,LIMIT,1701941158751,3308,0.0450737
USTCUSDT,SELL,LIMIT,1701941169468,3278,0.0450638
USTCUSDT,SELL,LIMIT,1701941174292,41818,0.0449520
USTCUSDT,SELL,LIMIT,1701941177142,7154,0.0449456
USTCUSDT,SELL,LIMIT,1701941180680,14205,0.0449259
USTCUSDT,SELL,LIMIT,1701941184148,417837,0.0445980
USTCUSDT,SELL,LIMIT,1701941186241,38106,0.0448002
USTCUSDT,SELL,LIMIT,1701941188407,387,0.0448694
USTCUSDT,SELL,LIMIT,1701941189499,2000,0.0447411
USTCUSDT,SELL,LIMIT,1701941207975,2143,0.0450513
USTCUSDT,SELL,LIMIT,1701941226209,25966,0.0446321
USTCUSDT,SELL,LIMIT,1701941233228,36483,0.0445970
USTCUSDT,SELL,LIMIT,1701941235093,13536,0.0445624
USTCUSDT,SELL,LIMIT,1701941238660,5000,0.0445556
USTCUSDT,SELL,LIMIT,1701941240093,4573,0.0445405
USTCUSDT,SELL,LIMIT,1701941243352,7086,0.0447803
USTCUSDT,SELL,LIMIT,1701941247114,12868,0.0444947
USTCUSDT,SELL,LIMIT,1701941248171,16339,0.0443513
USTCUSDT,SELL,LIMIT,1701941249341,6036,0.0442507
USTCUSDT,SELL,LIMIT,1701941250360,1271,0.0442630
USTCUSDT,SELL,LIMIT,1701941256240,1681,0.0442241
USTCUSDT,SELL,LIMIT,1701941257416,1333,0.0442161
USTCUSDT,BUY,LIMIT,1701941363436,14496,0.0459488
USTCUSDT,BUY,LIMIT,1701941536618,468,0.0464892
USTCUSDT,BUY,LIMIT,1701941726435,227,0.0467834
USTCUSDT,BUY,LIMIT,1701942363660,64275,0.0471702
USTCUSDT,BUY,LIMIT,1701942369100,41414,0.0472865
USTCUSDT,SELL,LIMIT,1701942484062,622,0.0456819
USTCUSDT,SELL,LIMIT,1701942524067,7350,0.0455962
USTCUSDT,SELL,LIMIT,1701942785011,4213,0.0453371
USTCUSDT,SELL,LIMIT,1701942805220,124,0.0453049
USTCUSDT,SELL,LIMIT,1701943402997,108695,0.0450893
USTCUSDT,SELL,LIMIT,1701943605282,3253,0.0450146
USTCUSDT,SELL,LIMIT,1701943606763,2949,0.0449900
USTCUSDT,SELL,LIMIT,1701943620642,108868,0.0449641
USTCUSDT,SELL,LIMIT,1701943670494,11638,0.0448659
USTCUSDT,SELL,LIMIT,1701944513451,5663,0.0449058
USTCUSDT,BUY,LIMIT,1701944792396,693,0.0464736
USTCUSDT,BUY,LIMIT,1701944864100,37433,0.0464467
USTCUSDT,SELL,LIMIT,1701945562947,46766,0.0448827
USTCUSDT,SELL,LIMIT,1701945940881,2177,0.0446990
USTCUSDT,SELL,LIMIT,1701945944790,4673,0.0446664
USTCUSDT,SELL,LIMIT,1701945953935,12830,0.0446189
USTCUSDT,SELL,LIMIT,1701945969503,846,0.0446060
USTCUSDT,SELL,LIMIT,1701945970875,109890,0.0445992
USTCUSDT,SELL,LIMIT,1701946110795,52737,0.0446503
USTCUSDT,SELL,LIMIT,1701946160033,54030,0.0445516
USTCUSDT,SELL,LIMIT,1701946178704,35925,0.0444106
USTCUSDT,SELL,LIMIT,1701946184081,2000,0.0444032
USTCUSDT,SELL,LIMIT,1701946185114,7666,0.0444031
USTCUSDT,SELL,LIMIT,1701946191339,21432,0.0443820
USTCUSDT,SELL,LIMIT,1701946479480,76649,0.0443578
USTCUSDT,SELL,LIMIT,1701947057418,3196,0.0442786
USTCUSDT,SELL,LIMIT,1701947061582,2225,0.0442711
USTCUSDT,SELL,LIMIT,1701947069871,110741,0.0442562
USTCUSDT,SELL,LIMIT,1701947095141,7239,0.0441997
USTCUSDT,SELL,LIMIT,1701947102770,3037,0.0441886
USTCUSDT,SELL,LIMIT,1701947113394,7039,0.0441945
USTCUSDT,SELL,LIMIT,1701947119547,11802,0.0441677
USTCUSDT,SELL,LIMIT,1701947122159,6282,0.0441439
USTCUSDT,SELL,LIMIT,1701947145224,7659,0.0441343
USTCUSDT,BUY,LIMIT,1701948091304,21508,0.0459419
USTCUSDT,BUY,LIMIT,1701948124402,3940,0.0460304
USTCUSDT,SELL,LIMIT,1701948950680,1101,0.0444813
USTCUSDT,SELL,LIMIT,1701949165882,1264,0.0443127
USTCUSDT,SELL,LIMIT,1701949198583,3680,0.0442800
USTCUSDT,SELL,LIMIT,1701949203775,4000,0.0442781
USTCUSDT,SELL,LIMIT,1701949319513,6509,0.0441730
USTCUSDT,SELL,LIMIT,1701949349208,17201,0.0440840
USTCUSDT,SELL,LIMIT,1701949350221,4439,0.0440962
USTCUSDT,SELL,LIMIT,1701949645193,3763,0.0440445
USTCUSDT,SELL,LIMIT,1701949650923,2527,0.0440356
USTCUSDT,SELL,LIMIT,1701949655211,9710,0.0440085
USTCUSDT,SELL,LIMIT,1701949656411,16052,0.0439972
USTCUSDT,SELL,LIMIT,1701949678145,34919,0.0439438
USTCUSDT,BUY,LIMIT,1701951341941,7116,0.0460437
USTCUSDT,BUY,LIMIT,1701951363330,23456,0.0460740
USTCUSDT,SELL,LIMIT,1701951373272,453,0.0463525
USTCUSDT,BUY,LIMIT,1701952049863,96803,0.0462125
USTCUSDT,BUY,LIMIT,1701952105560,849,0.0463558
USTCUSDT,BUY,LIMIT,1701952253465,12128,0.0464880
USTCUSDT,BUY,LIMIT,1701952316376,8958,0.0465674
USTCUSDT,SELL,LIMIT,1701952500344,37572,0.0447863
USTCUSDT,SELL,LIMIT,1701954916177,8233,0.0446845
USTCUSDT,SELL,LIMIT,1701956677938,13017,0.0445379
USTCUSDT,SELL,LIMIT,1701958401047,564,0.0444424
USTCUSDT,SELL,LIMIT,1701958406375,37752,0.0444118
USTCUSDT,SELL,LIMIT,1701958417439,3315,0.0444033
USTCUSDT,SELL,LIMIT,1701958584184,2525,0.0444035
USTCUSDT,SELL,LIMIT,1701958626296,51272,0.0442554
USTCUSDT,SELL,LIMIT,1701958849916,2403,0.0441120
USTCUSDT,SELL,LIMIT,1701958874477,2532,0.0441032
USTCUSDT,SELL,LIMIT,1701958909587,7697,0.0440195
USTCUSDT,SELL,LIMIT,1701959564164,99730,0.0444531
USTCUSDT,SELL,LIMIT,1701959724424,3649,0.0445201
USTCUSDT,SELL,LIMIT,1701960313260,1842,0.0439165
USTCUSDT,SELL,LIMIT,1701960314315,1391,0.0438559
USTCUSDT,SELL,LIMIT,1701960756086,983,0.0437807
USTCUSDT,SELL,LIMIT,1701960759110,1074,0.0437711
USTCUSDT,SELL,LIMIT,1701960760391,2193,0.0437540
USTCUSDT,SELL,LIMIT,1701960762189,93634,0.0437432
USTCUSDT,SELL,LIMIT,1701960764139,2491,0.0436765
USTCUSDT,BUY,LIMIT,1701961285403,1168,0.0454900
USTCUSDT,SELL,LIMIT,1701961876829,70765,0.0440884
USTCUSDT,BUY,LIMIT,1701961953095,21157,0.0456647
USTCUSDT,BUY,LIMIT,1701961981872,4203,0.0457144
USTCUSDT,BUY,LIMIT,1701962240378,13356,0.0458268
USTCUSDT,SELL,LIMIT,1701962836211,420,0.0476139
USTCUSDT,BUY,LIMIT,1701962842288,1586,0.0459996
USTCUSDT,SELL,LIMIT,1701963961595,21909,0.0444192
USTCUSDT,SELL,LIMIT,1701963982962,1047,0.0443594
USTCUSDT,SELL,LIMIT,1701964141320,34531,0.0442206
USTCUSDT,SELL,LIMIT,1701964143482,21965,0.0441846
USTCUSDT,SELL,LIMIT,1701964381511,111982,0.0442509
USTCUSDT,SELL,LIMIT,1701964628269,5013,0.0438029
USTCUSDT,SELL,LIMIT,1701964636964,162,0.0437802
USTCUSDT,SELL,LIMIT,1701964713176,66391,0.0437417
USTCUSDT,SELL,LIMIT,1701964747370,115,0.0436560
USTCUSDT,SELL,LIMIT,1701964781718,10932,0.0436215
USTCUSDT,SELL,LIMIT,1701964786005,1235,0.0435654
USTCUSDT,SELL,LIMIT,1701964845377,3397,0.0437701
USTCUSDT,SELL,LIMIT,1701964933991,3865,0.0435886
USTCUSDT,SELL,LIMIT,1701964935230,1033,0.0435666
USTCUSDT,SELL,LIMIT,1701964936234,7350,0.0435647
USTCUSDT,SELL,LIMIT,1701964939282,70604,0.0435034
USTCUSDT,SELL,LIMIT,1701964940569,68346,0.0434679
USTCUSDT,SELL,LIMIT,1701964941831,14462,0.0434530
USTCUSDT,SELL,LIMIT,1701965013172,29808,0.0448081
USTCUSDT,BUY,LIMIT,1701965057674,56567,0.0452485
USTCUSDT,SELL,LIMIT,1701965061409,4921,0.0447457
USTCUSDT,SELL,LIMIT,1701965574189,1841,0.0437678
USTCUSDT,SELL,LIMIT,1701965741791,6551,0.0434987
USTCUSDT,SELL,LIMIT,1701965759515,10284,0.0434045
USTCUSDT,SELL,LIMIT,1701965761458,450,0.0434004
USTCUSDT,SELL,LIMIT,1701965762794,942,0.0433888
USTCUSDT,SELL,LIMIT,1701965765084,8140,0.0433799
USTCUSDT,SELL,LIMIT,1701965766292,81,0.0433638
USTCUSDT,SELL,LIMIT,1701965778512,1031,0.0433259
USTCUSDT,SELL,LIMIT,1701965781333,27350,0.0433254
USTCUSDT,SELL,LIMIT,1701965952320,151,0.0433035
USTCUSDT,SELL,LIMIT,1701965956014,1620,0.0432887
USTCUSDT,SELL,LIMIT,1701965957127,425,0.0432798
USTCUSDT,SELL,LIMIT,1701965962245,21801,0.0432683
USTCUSDT,SELL,LIMIT,1701965964056,46781,0.0432457
USTCUSDT,SELL,LIMIT,1701965965061,87557,0.0432388
USTCUSDT,SELL,LIMIT,1701965966181,330,0.0431989
USTCUSDT,SELL,LIMIT,1701965967353,3357,0.0432006
USTCUSDT,SELL,LIMIT,1701966187937,3362,0.0434189
USTCUSDT,SELL,LIMIT,1701966364146,3000,0.0432270
USTCUSDT,SELL,LIMIT,1701966371590,2219,0.0431811
USTCUSDT,SELL,LIMIT,1701966372610,1389,0.0431427
USTCUSDT,SELL,LIMIT,1701966374344,360074,0.0428123
USTCUSDT,SELL,LIMIT,1701966375391,66417,0.0431299
USTCUSDT,SELL,LIMIT,1701966376438,184,0.0430870
USTCUSDT,SELL,LIMIT,1701966378241,73923,0.0430706
USTCUSDT,SELL,LIMIT,1701966380575,1761,0.0430570
USTCUSDT,SELL,LIMIT,1701966393176,417,0.0430391
USTCUSDT,SELL,LIMIT,1701966395117,19309,0.0430276
USTCUSDT,SELL,LIMIT,1701966397213,311353,0.0427404
USTCUSDT,SELL,LIMIT,1701966398480,2654,0.0430164
USTCUSDT,SELL,LIMIT,1701966402267,2294,0.0429882
USTCUSDT,SELL,LIMIT,1701966432067,4481,0.0429383
USTCUSDT,SELL,LIMIT,1701966433136,1000,0.0429379
USTCUSDT,SELL,LIMIT,1701966451402,67598,0.0429123
USTCUSDT,SELL,LIMIT,1701966452494,37698,0.0428670
USTCUSDT,SELL,LIMIT,1701966454312,10003,0.0428502
USTCUSDT,SELL,LIMIT,1701966455945,293,0.0428424
USTCUSDT,SELL,LIMIT,1701966459376,5951,0.0428433
USTCUSDT,SELL,LIMIT,1701966479414,4564,0.0428329
USTCUSDT,SELL,LIMIT,1701966517894,1963,0.0428311
USTCUSDT,SELL,LIMIT,1701966518970,133,0.0428155
USTCUSDT,SELL,LIMIT,1701966535291,797,0.0428002
USTCUSDT,SELL,LIMIT,1701966536406,1665,0.0427934
USTCUSDT,SELL,LIMIT,1701966537454,18488,0.0427735
USTCUSDT,SELL,LIMIT,1701966538520,582,0.0427883
USTCUSDT,SELL,LIMIT,1701966539602,3805,0.0427455
USTCUSDT,SELL,LIMIT,1701966541678,1219,0.0427309
USTCUSDT,SELL,LIMIT,1701966556538,140,0.0427220
USTCUSDT,SELL,LIMIT,1701966737376,11779,0.0427367
USTCUSDT,SELL,LIMIT,1701966741094,6652,0.0427062
USTCUSDT,SELL,LIMIT,1701966742132,328,0.0426897
USTCUSDT,SELL,LIMIT,1701966941292,1774,0.0427009
USTCUSDT,SELL,LIMIT,1701966949326,1686,0.0426847
USTCUSDT,SELL,LIMIT,1701966954484,8478,0.0426609
USTCUSDT,SELL,LIMIT,1701967029084,19266,0.0426090
USTCUSDT,SELL,LIMIT,1701967030150,2241,0.0425789
USTCUSDT,SELL,LIMIT,1701967031221,13498,0.0424782
USTCUSDT,SELL,LIMIT,1701967032229,29583,0.0425002
USTCUSDT,SELL,LIMIT,1701967033326,19660,0.0424731
USTCUSDT,SELL,LIMIT,1701967034351,80348,0.0424722
USTCUSDT,SELL,LIMIT,1701967041847,1131,0.0424534
USTCUSDT,SELL,LIMIT,1701967043268,173,0.0424181
USTCUSDT,SELL,LIMIT,1701967045953,442,0.0424086
USTCUSDT,SELL,LIMIT,1701967047122,433,0.0424077
USTCUSDT,SELL,LIMIT,1701967048195,229491,0.0421819
USTCUSDT,SELL,LIMIT,1701967095108,1471,0.0423913
USTCUSDT,SELL,LIMIT,1701967096354,683,0.0423569
USTCUSDT,SELL,LIMIT,1701967097603,2650,0.0423069
USTCUSDT,BUY,LIMIT,1701967172509,72036,0.0439246
USTCUSDT,SELL,LIMIT,1701967341713,34354,0.0425168
USTCUSDT,SELL,LIMIT,1701967414267,33274,0.0424232
USTCUSDT,SELL,LIMIT,1701967532679,1610,0.0423075
USTCUSDT,SELL,LIMIT,1701967534419,3473,0.0422868
USTCUSDT,SELL,LIMIT,1701967546229,10362,0.0422568
USTCUSDT,SELL,LIMIT,1701967547435,639,0.0422434
USTCUSDT,SELL,LIMIT,1701967551419,788,0.0422464
USTCUSDT,SELL,LIMIT,1701967560050,2805,0.0421953
USTCUSDT,SELL,LIMIT,1701967633750,2123,0.0421655
USTCUSDT,SELL,LIMIT,1701967635296,4138,0.0421488
USTCUSDT,SELL,LIMIT,1701967636319,23905,0.0421138
USTCUSDT,SELL,LIMIT,1701967638101,761,0.0421012
USTCUSDT,BUY,LIMIT,1701967735097,4670,0.0436651
USTCUSDT,SELL,LIMIT,1701967844632,38014,0.0422096
USTCUSDT,SELL,LIMIT,1701967856191,6966,0.0421589
USTCUSDT,SELL,LIMIT,1701967890356,1367,0.0420615
USTCUSDT,SELL,LIMIT,1701967891413,123,0.0420905
USTCUSDT,SELL,LIMIT,1701967894056,26812,0.0420453
USTCUSDT,BUY,LIMIT,1701968120769,2000,0.0436753
USTCUSDT,BUY,LIMIT,1701968154043,9618,0.0439122
USTCUSDT,BUY,LIMIT,1701968164603,382,0.0439611
USTCUSDT,SELL,LIMIT,1701968451631,367,0.0423833
USTCUSDT,SELL,LIMIT,1701968458533,1163,0.0423163
USTCUSDT,BUY,LIMIT,1701968962406,5554,0.0436244
USTCUSDT,BUY,LIMIT,1701968978645,143,0.0437053
USTCUSDT,BUY,LIMIT,1701969324383,139,0.0440525
USTCUSDT,BUY,LIMIT,1701969436305,4424,0.0437563
USTCUSDT,SELL,LIMIT,1701969606361,115767,0.0423948
USTCUSDT,SELL,LIMIT,1701969608054,139,0.0423555
USTCUSDT,SELL,LIMIT,1701969690141,2856,0.0422954
USTCUSDT,SELL,LIMIT,1701969709964,5795,0.0422773
USTCUSDT,SELL,LIMIT,1701969771271,308,0.0421935
USTCUSDT,SELL,LIMIT,1701969775701,269,0.0421678
USTCUSDT,SELL,LIMIT,1701969789067,6507,0.0420788
USTCUSDT,BUY,LIMIT,1701970213908,6622,0.0437902
USTCUSDT,SELL,LIMIT,1701970284251,5814,0.0425064
USTCUSDT,SELL,LIMIT,1701970376212,7609,0.0422631
USTCUSDT,SELL,LIMIT,1701970938302,132208,0.0422155
USTCUSDT,SELL,LIMIT,1701971061484,373,0.0421975
USTCUSDT,BUY,LIMIT,1701971113908,7752,0.0437587
USTCUSDT,BUY,LIMIT,1701971230394,289,0.0438066
USTCUSDT,SELL,LIMIT,1701971342494,3840,0.0425521
USTCUSDT,BUY,LIMIT,1701971415737,58356,0.0439024
USTCUSDT,BUY,LIMIT,1701971655420,444,0.0440043
USTCUSDT,BUY,LIMIT,1701972014480,85328,0.0440882
USTCUSDT,BUY,LIMIT,1701972078137,87583,0.0441360
USTCUSDT,SELL,LIMIT,1701973206193,18537,0.0426506
USTCUSDT,BUY,LIMIT,1701973702454,27025,0.0441062
USTCUSDT,SELL,LIMIT,1701973958455,3800,0.0425111
USTCUSDT,SELL,LIMIT,1701973967359,46132,0.0424106
USTCUSDT,SELL,LIMIT,1701973979454,24687,0.0423845
USTCUSDT,SELL,LIMIT,1701973983669,11422,0.0423434
USTCUSDT,SELL,LIMIT,1701973999081,10783,0.0422883
USTCUSDT,SELL,LIMIT,1701974242362,2555,0.0422960
USTCUSDT,SELL,LIMIT,1701974303071,11777,0.0421975
USTCUSDT,SELL,LIMIT,1701974803745,3268,0.0422369
USTCUSDT,SELL,LIMIT,1701974981241,181800,0.0419718
USTCUSDT,SELL,LIMIT,1701975015175,3609,0.0420533
USTCUSDT,SELL,LIMIT,1701975017304,89282,0.0420407
USTCUSDT,SELL,LIMIT,1701975018368,209,0.0420017
USTCUSDT,SELL,LIMIT,1701975019391,2967,0.0420280
USTCUSDT,SELL,LIMIT,1701975021189,1529,0.0419744
USTCUSDT,SELL,LIMIT,1701975026204,21382,0.0419653
USTCUSDT,BUY,LIMIT,1701975507251,118,0.0436082
USTCUSDT,BUY,LIMIT,1701975618034,44856,0.0437132
USTCUSDT,SELL,LIMIT,1701976294768,1880,0.0422200
USTCUSDT,SELL,LIMIT,1701977340582,9045,0.0423649
USTCUSDT,SELL,LIMIT,1701980330372,4660,0.0425578
USTCUSDT,SELL,LIMIT,1701980592588,7661,0.0424608
USTCUSDT,SELL,LIMIT,1701980620141,146,0.0424036
USTCUSDT,SELL,LIMIT,1701980849651,3704,0.0422737
USTCUSDT,SELL,LIMIT,1701981215890,2610,0.0422723
USTCUSDT,SELL,LIMIT,1701981519397,11868,0.0422527
USTCUSDT,SELL,LIMIT,1701981546486,2352,0.0421998
USTCUSDT,SELL,LIMIT,1701981552099,5902,0.0421859
USTCUSDT,SELL,LIMIT,1701981554870,753,0.0421721
USTCUSDT,SELL,LIMIT,1701981557283,20383,0.0421695
USTCUSDT,SELL,LIMIT,1701981566944,996,0.0421509
USTCUSDT,SELL,LIMIT,1701981625923,11198,0.0421067
USTCUSDT,SELL,LIMIT,1701981927513,1071,0.0420838
USTCUSDT,SELL,LIMIT,1701981988167,3995,0.0420592
USTCUSDT,SELL,LIMIT,1701982249585,553742,0.0416838
USTCUSDT,BUY,LIMIT,1701983044954,7370,0.0435020
USTCUSDT,SELL,LIMIT,1701983271721,115606,0.0421210
USTCUSDT,BUY,LIMIT,1701983870152,2734,0.0437049
USTCUSDT,BUY,LIMIT,1701983871560,1619,0.0438110
USTCUSDT,BUY,LIMIT,1701983902876,26595,0.0439331
USTCUSDT,BUY,LIMIT,1701984585094,1872,0.0437278
USTCUSDT,BUY,LIMIT,1701984851915,1980,0.0440876
USTCUSDT,BUY,LIMIT,1701984884697,87290,0.0441473
USTCUSDT,BUY,LIMIT,1701984898159,10963,0.0442188
USTCUSDT,BUY,LIMIT,1701984899278,87739,0.0442291
USTCUSDT,SELL,LIMIT,1701986127126,844,0.0425073
USTCUSDT,SELL,LIMIT,1701986199120,17317,0.0424278
USTCUSDT,SELL,LIMIT,1701986379283,51686,0.0423662
USTCUSDT,SELL,LIMIT,1701986386619,2322,0.0423361
USTCUSDT,SELL,LIMIT,1701987109059,21681,0.0423217
USTCUSDT,SELL,LIMIT,1701987211468,13055,0.0423020
USTCUSDT,SELL,LIMIT,1701987354884,14849,0.0422444
USTCUSDT,SELL,LIMIT,1701987423868,1887,0.0421884
USTCUSDT,SELL,LIMIT,1701987446262,1085,0.0421379
USTCUSDT,SELL,LIMIT,1701987497766,1163,0.0421005
USTCUSDT,SELL,LIMIT,1701987572262,853,0.0420300
USTCUSDT,SELL,LIMIT,1701987574033,61101,0.0420202
USTCUSDT,SELL,LIMIT,1701987582750,116,0.0419891
USTCUSDT,SELL,LIMIT,1701987584065,51957,0.0419611
USTCUSDT,SELL,LIMIT,1701987585092,10000,0.0419649
USTCUSDT,SELL,LIMIT,1701987586174,5542,0.0418272
USTCUSDT,SELL,LIMIT,1701987587202,307,0.0419378
USTCUSDT,SELL,LIMIT,1701987693257,4544,0.0418253
USTCUSDT,SELL,LIMIT,1701987784021,1186,0.0418247
USTCUSDT,SELL,LIMIT,1701987789275,10000,0.0418123
USTCUSDT,SELL,LIMIT,1701987793098,640,0.0417950
USTCUSDT,SELL,LIMIT,1701987796071,1187,0.0417841
USTCUSDT,SELL,LIMIT,1701987843224,6944,0.0417688
USTCUSDT,SELL,LIMIT,1701987844890,1829,0.0417596
USTCUSDT,SELL,LIMIT,1701988307501,439,0.0419414
USTCUSDT,SELL,LIMIT,1701988352126,15457,0.0419315
USTCUSDT,SELL,LIMIT,1701988353281,3123,0.0419315
USTCUSDT,SELL,LIMIT,1701988378372,930,0.0419118
USTCUSDT,SELL,LIMIT,1701988398064,18350,0.0417060
USTCUSDT,SELL,LIMIT,1701988399089,3724,0.0416586
USTCUSDT,SELL,LIMIT,1701988400846,67659,0.0415729
USTCUSDT,SELL,LIMIT,1701988403318,528,0.0415648
USTCUSDT,SELL,LIMIT,1701988404413,11730,0.0415478
USTCUSDT,SELL,LIMIT,1701988408100,10848,0.0415466
USTCUSDT,SELL,LIMIT,1701988410445,445972,0.0412368
USTCUSDT,SELL,LIMIT,1701988411884,117285,0.0415104
USTCUSDT,SELL,LIMIT,1701988417188,5892,0.0414772
USTCUSDT,SELL,LIMIT,1701988418210,58685,0.0414585
USTCUSDT,SELL,LIMIT,1701988427362,115466,0.0414245
USTCUSDT,SELL,LIMIT,1701988453448,101572,0.0414095
USTCUSDT,SELL,LIMIT,1701988456368,62053,0.0414068
USTCUSDT,SELL,LIMIT,1701988459079,319,0.0413986
USTCUSDT,SELL,LIMIT,1701988460364,57432,0.0413715
USTCUSDT,SELL,LIMIT,1701988461420,11502,0.0413339
USTCUSDT,SELL,LIMIT,1701988463307,40404,0.0412673
USTCUSDT,BUY,LIMIT,1701988713182,2092,0.0428335
USTCUSDT,SELL,LIMIT,1701989546396,802,0.0414052
USTCUSDT,SELL,LIMIT,1701989601912,29012,0.0413110
USTCUSDT,BUY,LIMIT,1701990980355,1133,0.0429273
USTCUSDT,SELL,LIMIT,1701991729146,3395,0.0415159
USTCUSDT,BUY,LIMIT,1701991886797,339,0.0430021
USTCUSDT,SELL,LIMIT,1701992513172,2334,0.0416360
USTCUSDT,BUY,LIMIT,1701993637037,760,0.0433166
USTCUSDT,BUY,LIMIT,1701995363524,11792,0.0441081
USTCUSDT,BUY,LIMIT,1701995745373,14910,0.0441443
USTCUSDT,BUY,LIMIT,1701995849437,13143,0.0442067
USTCUSDT,BUY,LIMIT,1701995869661,4343,0.0442929
USTCUSDT,BUY,LIMIT,1701995876828,9349,0.0443118
USTCUSDT,BUY,LIMIT,1701995914974,83226,0.0443738
USTCUSDT,BUY,LIMIT,1701995936448,18320,0.0443936
USTCUSDT,BUY,LIMIT,1701996004151,21699,0.0444616
USTCUSDT,BUY,LIMIT,1701996009983,9476,0.0445168
USTCUSDT,BUY,LIMIT,1701996011493,646,0.0445243
USTCUSDT,BUY,LIMIT,1701996013288,3293,0.0445489
USTCUSDT,BUY,LIMIT,1701996014390,1052,0.0445499
USTCUSDT,BUY,LIMIT,1701996047206,863,0.0446229
USTCUSDT,SELL,LIMIT,1701996171318,112917,0.0429133
USTCUSDT,BUY,LIMIT,1701996961127,114594,0.0445136
USTCUSDT,SELL,LIMIT,1701997652070,20112,0.0427762
USTCUSDT,SELL,LIMIT,1701997663592,7837,0.0426990
USTCUSDT,SELL,LIMIT,1701997725494,57234,0.0427396
USTCUSDT,SELL,LIMIT,1701998110829,3904,0.0425913
USTCUSDT,SELL,LIMIT,1701999391528,2770,0.0424521
USTCUSDT,BUY,LIMIT,1702000681242,100608,0.0439631
USTCUSDT,SELL,LIMIT,1702001829487,1001,0.0425001
USTCUSDT,SELL,LIMIT,1702002241079,31950,0.0424521
USTCUSDT,SELL,LIMIT,1702002294514,975,0.0423838
USTCUSDT,SELL,LIMIT,1702002701217,132,0.0423609
USTCUSDT,SELL,LIMIT,1702002703879,2772,0.0423342
USTCUSDT,SELL,LIMIT,1702002728194,2070,0.0422552
USTCUSDT,SELL,LIMIT,1702002758336,114636,0.0422344
USTCUSDT,SELL,LIMIT,1702002798227,5757,0.0421750
USTCUSDT,SELL,LIMIT,1702002802391,99009,0.0421418
USTCUSDT,SELL,LIMIT,1702002863935,20594,0.0420990
USTCUSDT,SELL,LIMIT,1702002870455,2990,0.0420769
USTCUSDT,SELL,LIMIT,1702003148358,55172,0.0420587
USTCUSDT,SELL,LIMIT,1702003556999,32016,0.0420399
USTCUSDT,SELL,LIMIT,1702003629395,7292,0.0419315
USTCUSDT,SELL,LIMIT,1702003666857,83224,0.0420132
USTCUSDT,SELL,LIMIT,1702003689804,114548,0.0419120
USTCUSDT,SELL,LIMIT,1702003696396,3693,0.0418530
USTCUSDT,SELL,LIMIT,1702003706256,1006,0.0418148
USTCUSDT,SELL,LIMIT,1702003722358,3997,0.0418429
USTCUSDT,SELL,LIMIT,1702003723630,4758,0.0418330
USTCUSDT,SELL,LIMIT,1702003959856,1254,0.0420563
USTCUSDT,SELL,LIMIT,1702004580789,3652,0.0420959
USTCUSDT,SELL,LIMIT,1702004803040,74798,0.0418989
USTCUSDT,SELL,LIMIT,1702006329341,52659,0.0422340
USTCUSDT,SELL,LIMIT,1702006847499,68554,0.0421503
USTCUSDT,BUY,LIMIT,1702007774601,40087,0.0437494
USTCUSDT,BUY,LIMIT,1702008381851,29022,0.0439411
USTCUSDT,SELL,LIMIT,1702010120291,4564,0.0424473
USTCUSDT,BUY,LIMIT,1702011775199,19945,0.0440775
USTCUSDT,BUY,LIMIT,1702012315379,13541,0.0443001
USTCUSDT,BUY,LIMIT,1702012682230,15252,0.0444126
USTCUSDT,BUY,LIMIT,1702013292352,67,0.0446440
USTCUSDT,BUY,LIMIT,1702013372775,19886,0.0447361
USTCUSDT,BUY,LIMIT,1702013392067,13183,0.0447499
USTCUSDT,BUY,LIMIT,1702013394059,4291,0.0447692
USTCUSDT,BUY,LIMIT,1702013403170,560,0.0448070
USTCUSDT,BUY,LIMIT,1702013415664,84222,0.0448712
USTCUSDT,BUY,LIMIT,1702013428597,6964,0.0449575
USTCUSDT,BUY,LIMIT,1702013431040,9626,0.0449831
USTCUSDT,BUY,LIMIT,1702013432825,21644,0.0450249
USTCUSDT,BUY,LIMIT,1702013434562,541,0.0450313
USTCUSDT,BUY,LIMIT,1702013435627,36383,0.0450495
USTCUSDT,BUY,LIMIT,1702013442064,69270,0.0451552
USTCUSDT,BUY,LIMIT,1702013443173,1970,0.0453384
USTCUSDT,BUY,LIMIT,1702013445931,800,0.0453512
USTCUSDT,BUY,LIMIT,1702013448707,77673,0.0454062
USTCUSDT,BUY,LIMIT,1702013452493,1102,0.0454896
USTCUSDT,BUY,LIMIT,1702013456543,500,0.0454677
USTCUSDT,BUY,LIMIT,1702013458298,24352,0.0455030
USTCUSDT,BUY,LIMIT,1702013488133,3453,0.0456175
USTCUSDT,BUY,LIMIT,1702013494971,26508,0.0457601
USTCUSDT,BUY,LIMIT,1702013496187,36184,0.0457778
USTCUSDT,BUY,LIMIT,1702013502032,118259,0.0459043
USTCUSDT,BUY,LIMIT,1702013576732,2000,0.0461223
USTCUSDT,BUY,LIMIT,1702013583124,2333,0.0461744
USTCUSDT,BUY,LIMIT,1702013587813,287,0.0462423
USTCUSDT,BUY,LIMIT,1702013593239,4738,0.0462822
USTCUSDT,BUY,LIMIT,1702013653751,50422,0.0463153
USTCUSDT,BUY,LIMIT,1702013655737,32536,0.0464009
USTCUSDT,BUY,LIMIT,1702013656801,322,0.0464588
USTCUSDT,BUY,LIMIT,1702013658365,8081,0.0465276
USTCUSDT,BUY,LIMIT,1702013659688,5344,0.0466048
USTCUSDT,BUY,LIMIT,1702013716946,3610,0.0467747
USTCUSDT,BUY,LIMIT,1702013720478,1402,0.0469132
USTCUSDT,BUY,LIMIT,1702013722924,15967,0.0468983
USTCUSDT,BUY,LIMIT,1702013730298,703,0.0469248
USTCUSDT,BUY,LIMIT,1702013731716,11336,0.0469768
USTCUSDT,BUY,LIMIT,1702013736272,31329,0.0470739
USTCUSDT,BUY,LIMIT,1702013739359,34930,0.0471307
USTCUSDT,BUY,LIMIT,1702013743443,2334,0.0472410
USTCUSDT,BUY,LIMIT,1702013759067,10000,0.0473321
USTCUSDT,BUY,LIMIT,1702013760203,1778,0.0473369
USTCUSDT,BUY,LIMIT,1702013763463,1000,0.0473644
USTCUSDT,BUY,LIMIT,1702013765204,2596,0.0474993
USTCUSDT,BUY,LIMIT,1702013772253,579,0.0475409
USTCUSDT,BUY,LIMIT,1702013776210,6293,0.0476039
USTCUSDT,BUY,LIMIT,1702013788052,59101,0.0476834
USTCUSDT,BUY,LIMIT,1702013790811,1500,0.0477363
USTCUSDT,SELL,LIMIT,1702013811650,26497,0.0459508
USTCUSDT,BUY,LIMIT,1702013837607,207536,0.0481532
USTCUSDT,BUY,LIMIT,1702013840927,9732,0.0480835
USTCUSDT,BUY,LIMIT,1702013841991,373,0.0481214
USTCUSDT,BUY,LIMIT,1702013858290,29823,0.0482422
USTCUSDT,SELL,LIMIT,1702013866318,168,0.0466427
USTCUSDT,BUY,LIMIT,1702013880565,40324,0.0483665
USTCUSDT,SELL,LIMIT,1702013911470,200,0.0462842
USTCUSDT,SELL,LIMIT,1702014021696,153,0.0459543
USTCUSDT,SELL,LIMIT,1702014070741,30993,0.0459421
USTCUSDT,SELL,LIMIT,1702014082043,1070,0.0457895
USTCUSDT,SELL,LIMIT,1702014089967,15119,0.0456685
USTCUSDT,SELL,LIMIT,1702014130849,2145,0.0457073
USTCUSDT,SELL,LIMIT,1702014218427,19289,0.0455429
USTCUSDT,SELL,LIMIT,1702014320365,7138,0.0454128
USTCUSDT,SELL,LIMIT,1702014321691,27027,0.0453291
USTCUSDT,SELL,LIMIT,1702014354804,2179,0.0452761
USTCUSDT,SELL,LIMIT,1702014368457,4262,0.0452213
USTCUSDT,BUY,LIMIT,1702014455765,2180,0.0467788
USTCUSDT,BUY,LIMIT,1702014483000,1702,0.0471208
USTCUSDT,BUY,LIMIT,1702014500630,10000,0.0473520
USTCUSDT,SELL,LIMIT,1702014562764,2143,0.0457008
USTCUSDT,BUY,LIMIT,1702014665755,9605,0.0476434
USTCUSDT,SELL,LIMIT,1702014672416,8422,0.0459405
USTCUSDT,BUY,LIMIT,1702014857700,331,0.0472626
USTCUSDT,BUY,LIMIT,1702015003817,61956,0.0477828
USTCUSDT,BUY,LIMIT,1702015126360,10150,0.0479674
USTCUSDT,BUY,LIMIT,1702015138367,530640,0.0484459
USTCUSDT,BUY,LIMIT,1702015142090,14328,0.0481549
USTCUSDT,SELL,LIMIT,1702015219827,74589,0.0459747
USTCUSDT,SELL,LIMIT,1702015272364,68191,0.0457849
USTCUSDT,SELL,LIMIT,1702015524093,106609,0.0457718
USTCUSDT,SELL,LIMIT,1702015565459,2169,0.0456877
USTCUSDT,SELL,LIMIT,1702015568154,135,0.0456195
USTCUSDT,SELL,LIMIT,1702015569333,7634,0.0455785
USTCUSDT,SELL,LIMIT,1702015582366,18378,0.0455439
USTCUSDT,BUY,LIMIT,1702015600336,52237,0.0472307
USTCUSDT,SELL,LIMIT,1702015748507,52305,0.0454097
USTCUSDT,SELL,LIMIT,1702015751385,1057,0.0453729
USTCUSDT,SELL,LIMIT,1702015829678,963,0.0451286
USTCUSDT,SELL,LIMIT,1702015984091,108672,0.0450670
USTCUSDT,SELL,LIMIT,1702016023385,2085,0.0449869
USTCUSDT,SELL,LIMIT,1702016029146,639,0.0449636
USTCUSDT,SELL,LIMIT,1702016327807,108459,0.0450596
USTCUSDT,SELL,LIMIT,1702016334211,22302,0.0449477
USTCUSDT,SELL,LIMIT,1702016338131,4635,0.0448157
USTCUSDT,SELL,LIMIT,1702016339777,298,0.0447261
USTCUSDT,SELL,LIMIT,1702017211654,2874,0.0446673
USTCUSDT,SELL,LIMIT,1702017214317,2105,0.0446053
USTCUSDT,SELL,LIMIT,1702017216127,3615,0.0446003
USTCUSDT,SELL,LIMIT,1702017224078,255,0.0445497
USTCUSDT,SELL,LIMIT,1702017225329,36560,0.0445097
USTCUSDT,SELL,LIMIT,1702017226467,2208,0.0444724
USTCUSDT,SELL,LIMIT,1702017256141,427,0.0444159
USTCUSDT,SELL,LIMIT,1702017257342,13185,0.0443415
USTCUSDT,SELL,LIMIT,1702017258371,6802,0.0443984
USTCUSDT,SELL,LIMIT,1702017302225,1188,0.0442251
USTCUSDT,SELL,LIMIT,1702017303735,36209,0.0441928
USTCUSDT,SELL,LIMIT,1702017305405,169,0.0441497
USTCUSDT,BUY,LIMIT,1702018629547,1047,0.0461738
USTCUSDT,SELL,LIMIT,1702019121057,114,0.0443449
USTCUSDT,BUY,LIMIT,1702019602571,48592,0.0458204
USTCUSDT,SELL,LIMIT,1702019821803,3434,0.0442321
USTCUSDT,SELL,LIMIT,1702020163137,2247,0.0440805
USTCUSDT,SELL,LIMIT,1702020164226,2152,0.0440690
USTCUSDT,SELL,LIMIT,1702020177198,161,0.0439990
USTCUSDT,SELL,LIMIT,1702020180097,2045,0.0439943
USTCUSDT,SELL,LIMIT,1702020501366,15000,0.0440000
USTCUSDT,SELL,LIMIT,1702020563498,854,0.0439343
USTCUSDT,SELL,LIMIT,1702020564686,23360,0.0438546
USTCUSDT,SELL,LIMIT,1702020652121,1533,0.0437888
USTCUSDT,SELL,LIMIT,1702020653128,156911,0.0436585
USTCUSDT,SELL,LIMIT,1702020654508,639,0.0437171
USTCUSDT,BUY,LIMIT,1702020998208,2232,0.0454308
USTCUSDT,BUY,LIMIT,1702021039773,6135,0.0456139
USTCUSDT,BUY,LIMIT,1702021237158,79554,0.0456870
USTCUSDT,SELL,LIMIT,1702022556257,1956,0.0440951
USTCUSDT,SELL,LIMIT,1702022558078,5527,0.0440676
USTCUSDT,SELL,LIMIT,1702022850142,9719,0.0441416
USTCUSDT,SELL,LIMIT,1702022983161,4227,0.0440895
USTCUSDT,SELL,LIMIT,1702022996258,188,0.0440507
USTCUSDT,SELL,LIMIT,1702023002472,77950,0.0440142
USTCUSDT,SELL,LIMIT,1702023010279,7020,0.0439750
USTCUSDT,SELL,LIMIT,1702023049270,850,0.0439145
USTCUSDT,BUY,LIMIT,1702023181503,16541,0.0456838
USTCUSDT,SELL,LIMIT,1702024248148,36228,0.0439864
USTCUSDT,SELL,LIMIT,1702024430156,9870,0.0438327
USTCUSDT,SELL,LIMIT,1702024850212,6202,0.0437500
USTCUSDT,SELL,LIMIT,1702024948012,4520,0.0437037
USTCUSDT,SELL,LIMIT,1702024958299,17151,0.0436540
USTCUSDT,SELL,LIMIT,1702024959730,23442,0.0436191
USTCUSDT,SELL,LIMIT,1702024962122,500,0.0436140
USTCUSDT,BUY,LIMIT,1702025315419,3617,0.0452343
USTCUSDT,BUY,LIMIT,1702026454401,2257,0.0452060
USTCUSDT,SELL,LIMIT,1702028363039,111706,0.0438743
USTCUSDT,SELL,LIMIT,1702028400087,32165,0.0438553
USTCUSDT,SELL,LIMIT,1702028404426,28944,0.0438440
USTCUSDT,SELL,LIMIT,1702028504335,54932,0.0437094
USTCUSDT,SELL,LIMIT,1702028565078,5497,0.0437530
USTCUSDT,SELL,LIMIT,1702028805224,546,0.0435303
USTCUSDT,SELL,LIMIT,1702029060661,625,0.0433989
USTCUSDT,SELL,LIMIT,1702029131254,80321,0.0433782
USTCUSDT,SELL,LIMIT,1702029139012,275512,0.0430932
USTCUSDT,SELL,LIMIT,1702029140090,5774,0.0433042
USTCUSDT,SELL,LIMIT,1702029141194,4395,0.0432212
USTCUSDT,SELL,LIMIT,1702030058534,1129,0.0436381
USTCUSDT,BUY,LIMIT,1702033654140,930,0.0457614
USTCUSDT,BUY,LIMIT,1702034457774,4487,0.0458976
USTCUSDT,BUY,LIMIT,1702034461209,33838,0.0459521
USTCUSDT,BUY,LIMIT,1702034463419,112661,0.0459805
USTCUSDT,BUY,LIMIT,1702034475013,83406,0.0460125
USTCUSDT,BUY,LIMIT,1702034489064,3997,0.0461049
USTCUSDT,BUY,LIMIT,1702034505369,11253,0.0461849
USTCUSDT,BUY,LIMIT,1702034543468,4715,0.0463970
USTCUSDT,BUY,LIMIT,1702034552158,28300,0.0464280
USTCUSDT,SELL,LIMIT,1702034600689,1865,0.0448282
USTCUSDT,SELL,LIMIT,1702034697994,1348,0.0447709
USTCUSDT,SELL,LIMIT,1702034735364,5874,0.0446823
USTCUSDT,BUY,LIMIT,1702034783067,13475,0.0461536
USTCUSDT,BUY,LIMIT,1702035163596,1245,0.0463011
USTCUSDT,BUY,LIMIT,1702035372763,821,0.0464953
USTCUSDT,BUY,LIMIT,1702035395504,6675,0.0465538
USTCUSDT,BUY,LIMIT,1702035411207,22291,0.0465705
USTCUSDT,BUY,LIMIT,1702035700246,1377,0.0467042
USTCUSDT,BUY,LIMIT,1702035774148,17185,0.0465113
USTCUSDT,SELL,LIMIT,1702036030944,11362,0.0450181
USTCUSDT,SELL,LIMIT,1702036319842,109170,0.0448869
USTCUSDT,SELL,LIMIT,1702036836090,109865,0.0446128
USTCUSDT,SELL,LIMIT,1702036868560,8836,0.0445848
USTCUSDT,SELL,LIMIT,1702036871143,793,0.0445630
USTCUSDT,SELL,LIMIT,1702037062268,17538,0.0445122
USTCUSDT,BUY,LIMIT,1702037421393,5630,0.0460712
USTCUSDT,SELL,LIMIT,1702040316704,32386,0.0443689
USTCUSDT,SELL,LIMIT,1702040414804,86803,0.0443528
USTCUSDT,SELL,LIMIT,1702040419342,112,0.0442562
USTCUSDT,SELL,LIMIT,1702040482399,2176,0.0441525
USTCUSDT,SELL,LIMIT,1702040799210,29316,0.0438997
USTCUSDT,SELL,LIMIT,1702040800254,24295,0.0439060
USTCUSDT,SELL,LIMIT,1702041590812,293,0.0441876
USTCUSDT,SELL,LIMIT,1702042229075,14825,0.0441085
USTCUSDT,SELL,LIMIT,1702042240063,115934,0.0439972
USTCUSDT,SELL,LIMIT,1702042247312,235,0.0439660
USTCUSDT,BUY,LIMIT,1702042949434,657,0.0457791
USTCUSDT,BUY,LIMIT,1702043127403,16299,0.0461051
USTCUSDT,SELL,LIMIT,1702043780873,1509,0.0443795
USTCUSDT,SELL,LIMIT,1702044353468,42743,0.0441483
USTCUSDT,SELL,LIMIT,1702044885210,31024,0.0438237
USTCUSDT,SELL,LIMIT,1702045382504,98714,0.0437533
USTCUSDT,SELL,LIMIT,1702045386207,20490,0.0437170
USTCUSDT,BUY,LIMIT,1702045972764,249,0.0455178
USTCUSDT,SELL,LIMIT,1702047218411,1751,0.0439997
USTCUSDT,SELL,LIMIT,1702047257630,1312,0.0439614
USTCUSDT,SELL,LIMIT,1702047718632,526,0.0441625
USTCUSDT,SELL,LIMIT,1702048646328,4055,0.0439388
USTCUSDT,SELL,LIMIT,1702048996023,829,0.0437808
USTCUSDT,SELL,LIMIT,1702049036081,11059,0.0437062
USTCUSDT,SELL,LIMIT,1702049342499,895,0.0435990
USTCUSDT,SELL,LIMIT,1702049345239,4761,0.0435968
USTCUSDT,SELL,LIMIT,1702049346619,435,0.0435811
USTCUSDT,SELL,LIMIT,1702049348739,256,0.0435673
USTCUSDT,SELL,LIMIT,1702049357439,16912,0.0435377
USTCUSDT,SELL,LIMIT,1702049371680,3345,0.0435312
USTCUSDT,SELL,LIMIT,1702049373271,15009,0.0435135
USTCUSDT,SELL,LIMIT,1702049498175,2861,0.0434780
USTCUSDT,SELL,LIMIT,1702049541373,112,0.0434508
USTCUSDT,SELL,LIMIT,1702049542617,35149,0.0434503
USTCUSDT,SELL,LIMIT,1702049544565,4944,0.0434221
USTCUSDT,SELL,LIMIT,1702049547101,8116,0.0434166
USTCUSDT,SELL,LIMIT,1702049868892,26095,0.0433678
USTCUSDT,SELL,LIMIT,1702050247065,999,0.0435344
USTCUSDT,SELL,LIMIT,1702050705618,774,0.0435621
USTCUSDT,SELL,LIMIT,1702050949524,1000,0.0433860
USTCUSDT,SELL,LIMIT,1702050951782,12955,0.0432768
USTCUSDT,SELL,LIMIT,1702051503103,1902,0.0435336
USTCUSDT,SELL,LIMIT,1702052833047,184420,0.0434140
USTCUSDT,SELL,LIMIT,1702052893602,889,0.0435162
USTCUSDT,BUY,LIMIT,1702053050251,23354,0.0449867
USTCUSDT,BUY,LIMIT,1702053069604,97857,0.0450501
USTCUSDT,BUY,LIMIT,1702053163908,113250,0.0451324
USTCUSDT,BUY,LIMIT,1702054095079,422,0.0453155
USTCUSDT,SELL,LIMIT,1702054783648,1629,0.0437300
USTCUSDT,SELL,LIMIT,1702054879131,141,0.0436396
USTCUSDT,SELL,LIMIT,1702055001989,2260,0.0435767
USTCUSDT,SELL,LIMIT,1702055006031,113,0.0435700
USTCUSDT,SELL,LIMIT,1702055010448,1749,0.0434943
USTCUSDT,SELL,LIMIT,1702055031147,1185,0.0434038
USTCUSDT,SELL,LIMIT,1702055134386,452,0.0433159
USTCUSDT,SELL,LIMIT,1702055221139,838,0.0432313
USTCUSDT,SELL,LIMIT,1702055222437,15864,0.0431712
USTCUSDT,SELL,LIMIT,1702055224169,72690,0.0430552
USTCUSDT,SELL,LIMIT,1702055225186,3613,0.0429988
USTCUSDT,SELL,LIMIT,1702055284436,557,0.0429652
USTCUSDT,SELL,LIMIT,1702055297491,9466,0.0429522
USTCUSDT,SELL,LIMIT,1702055300315,39264,0.0429329
USTCUSDT,SELL,LIMIT,1702055301772,42523,0.0429214
USTCUSDT,SELL,LIMIT,1702055303602,2848,0.0428601
USTCUSDT,SELL,LIMIT,1702055305490,204,0.0428485
USTCUSDT,SELL,LIMIT,1702055617735,445,0.0430258
USTCUSDT,SELL,LIMIT,1702056434857,26378,0.0429721
USTCUSDT,SELL,LIMIT,1702057978697,10763,0.0428925
USTCUSDT,SELL,LIMIT,1702058621969,31507,0.0428626
USTCUSDT,SELL,LIMIT,1702058684283,137,0.0428539
USTCUSDT,SELL,LIMIT,1702058692150,2492,0.0428277
USTCUSDT,SELL,LIMIT,1702060844151,26766,0.0427885
USTCUSDT,SELL,LIMIT,1702060845795,13368,0.0427750
USTCUSDT,SELL,LIMIT,1702060859078,12391,0.0427322
USTCUSDT,SELL,LIMIT,1702060944246,320,0.0427239
USTCUSDT,SELL,LIMIT,1702060956255,2106,0.0426941
USTCUSDT,SELL,LIMIT,1702060958295,22817,0.0426370
USTCUSDT,SELL,LIMIT,1702060959436,5568,0.0426537
USTCUSDT,SELL,LIMIT,1702060990695,118,0.0435192
USTCUSDT,SELL,LIMIT,1702063207041,136,0.0429239
USTCUSDT,BUY,LIMIT,1702066108615,1539,0.0445705
USTCUSDT,BUY,LIMIT,1702066753398,57553,0.0445846
USTCUSDT,BUY,LIMIT,1702069361564,1520,0.0451842
USTCUSDT,SELL,LIMIT,1702069615098,1124,0.0435455
USTCUSDT,SELL,LIMIT,1702069620479,72943,0.0435186
USTCUSDT,SELL,LIMIT,1702070494567,112109,0.0434230
USTCUSDT,SELL,LIMIT,1702070732706,510851,0.0431442
USTCUSDT,BUY,LIMIT,1702072549295,459,0.0452967
USTCUSDT,SELL,LIMIT,1702073551294,22429,0.0436583
USTCUSDT,SELL,LIMIT,1702073606789,450,0.0436199
USTCUSDT,SELL,LIMIT,1702077841867,6057,0.0435504
USTCUSDT,BUY,LIMIT,1702078607479,2214,0.0450657
USTCUSDT,SELL,LIMIT,1702079763365,33278,0.0436066
USTCUSDT,SELL,LIMIT,1702079798507,112985,0.0435993
USTCUSDT,SELL,LIMIT,1702079805712,1604,0.0435773
USTCUSDT,BUY,LIMIT,1702080023127,1461,0.0445283
USTCUSDT,SELL,LIMIT,1702080277047,55321,0.0437279
USTCUSDT,BUY,LIMIT,1702080974964,378,0.0453562
USTCUSDT,BUY,LIMIT,1702080989460,9887,0.0454261
USTCUSDT,BUY,LIMIT,1702081033339,1498,0.0455594
USTCUSDT,BUY,LIMIT,1702081362442,186,0.0455948
USTCUSDT,BUY,LIMIT,1702081592603,200,0.0457915
USTCUSDT,BUY,LIMIT,1702082123509,17229,0.0456363
USTCUSDT,BUY,LIMIT,1702082713344,11885,0.0455544
USTCUSDT,SELL,LIMIT,1702082910436,216,0.0474610
USTCUSDT,SELL,LIMIT,1702083054629,3280,0.0442268
USTCUSDT,SELL,LIMIT,1702083888577,2290,0.0439803
USTCUSDT,SELL,LIMIT,1702083909432,28915,0.0439442
USTCUSDT,SELL,LIMIT,1702084103269,1527,0.0436937
USTCUSDT,SELL,LIMIT,1702084110296,268,0.0436394
USTCUSDT,BUY,LIMIT,1702084607099,2755,0.0454493
USTCUSDT,BUY,LIMIT,1702085091542,111931,0.0455410
USTCUSDT,BUY,LIMIT,1702085579796,2914,0.0460909
USTCUSDT,BUY,LIMIT,1702085581754,2625,0.0460958
USTCUSDT,BUY,LIMIT,1702085597466,57444,0.0461352
USTCUSDT,BUY,LIMIT,1702085626369,870,0.0462335
USTCUSDT,BUY,LIMIT,1702085658676,11471,0.0463175
USTCUSDT,BUY,LIMIT,1702085702601,112,0.0464010
USTCUSDT,BUY,LIMIT,1702085851558,55979,0.0464653
USTCUSDT,BUY,LIMIT,1702085853583,89412,0.0464900
USTCUSDT,BUY,LIMIT,1702085867165,203160,0.0467346
USTCUSDT,BUY,LIMIT,1702085874241,3981,0.0465681
USTCUSDT,SELL,LIMIT,1702087268176,391,0.0443240
USTCUSDT,SELL,LIMIT,1702087813175,2578,0.0441068
USTCUSDT,SELL,LIMIT,1702087976861,7131,0.0439665
USTCUSDT,SELL,LIMIT,1702088581408,349,0.0438187
USTCUSDT,SELL,LIMIT,1702088583535,427,0.0437751
USTCUSDT,BUY,LIMIT,1702090903159,105131,0.0459419
USTCUSDT,BUY,LIMIT,1702090907127,3619,0.0459851
USTCUSDT,SELL,LIMIT,1702091203209,87851,0.0443500
USTCUSDT,SELL,LIMIT,1702092382992,5555,0.0445615
USTCUSDT,SELL,LIMIT,1702092450981,1061,0.0445910
USTCUSDT,BUY,LIMIT,1702094764986,5601,0.0460760
USTCUSDT,SELL,LIMIT,1702095445624,1773,0.0443981
USTCUSDT,SELL,LIMIT,1702097847242,702,0.0448933
USTCUSDT,BUY,LIMIT,1702097849637,1870,0.0462637
USTCUSDT,SELL,LIMIT,1702098021070,79638,0.0448073
USTCUSDT,SELL,LIMIT,1702098257410,21800,0.0446895
USTCUSDT,SELL,LIMIT,1702098282741,155,0.0446587
USTCUSDT,SELL,LIMIT,1702098940334,7709,0.0443947
USTCUSDT,SELL,LIMIT,1702099007425,1060,0.0443346
USTCUSDT,SELL,LIMIT,1702099038800,11376,0.0442561
USTCUSDT,SELL,LIMIT,1702099066154,210,0.0442061
USTCUSDT,SELL,LIMIT,1702099067236,5765,0.0442403
USTCUSDT,SELL,LIMIT,1702099965236,132,0.0439225
USTCUSDT,BUY,LIMIT,1702100475929,4995,0.0456159
USTCUSDT,SELL,LIMIT,1702102340396,19498,0.0443841
USTCUSDT,BUY,LIMIT,1702103220170,7729,0.0457755
USTCUSDT,BUY,LIMIT,1702103510260,177,0.0455590
USTCUSDT,BUY,LIMIT,1702103594740,2806,0.0461435
USTCUSDT,SELL,LIMIT,1702103959774,25036,0.0444669
USTCUSDT,BUY,LIMIT,1702105876224,31,0.0458420
USTCUSDT,SELL,LIMIT,1702106202220,6648,0.0443765
USTCUSDT,BUY,LIMIT,1702107978494,12500,0.0463017
USTCUSDT,BUY,LIMIT,1702108034437,15999,0.0465059
USTCUSDT,BUY,LIMIT,1702109027091,1691,0.0465174
USTCUSDT,BUY,LIMIT,1702109220171,349,0.0465702
USTCUSDT,SELL,LIMIT,1702109777055,500000,0.0449382
USTCUSDT,SELL,LIMIT,1702110307805,4633,0.0450644
USTCUSDT,SELL,LIMIT,1702110340261,9529,0.0450074
USTCUSDT,SELL,LIMIT,1702110427246,11257,0.0449913
USTCUSDT,SELL,LIMIT,1702110558528,3184,0.0449384
USTCUSDT,SELL,LIMIT,1702110580725,19327,0.0448915
USTCUSDT,SELL,LIMIT,1702110620053,134,0.0448147
USTCUSDT,SELL,LIMIT,1702110668262,23746,0.0446811
USTCUSDT,SELL,LIMIT,1702110830388,87070,0.0446186
USTCUSDT,SELL,LIMIT,1702110967307,15857,0.0442420
USTCUSDT,SELL,LIMIT,1702110969678,65686,0.0442275
USTCUSDT,SELL,LIMIT,1702110976165,195,0.0441263
USTCUSDT,SELL,LIMIT,1702110977407,4420,0.0441331
USTCUSDT,SELL,LIMIT,1702110978619,15354,0.0440473
USTCUSDT,SELL,LIMIT,1702110980950,891,0.0439880
USTCUSDT,SELL,LIMIT,1702110982516,1556,0.0439863
USTCUSDT,SELL,LIMIT,1702110993521,112963,0.0439341
USTCUSDT,SELL,LIMIT,1702110996457,34821,0.0438241
USTCUSDT,SELL,LIMIT,1702111026632,10897,0.0438920
USTCUSDT,SELL,LIMIT,1702111028249,44513,0.0438030
USTCUSDT,SELL,LIMIT,1702111035045,848,0.0439600
USTCUSDT,SELL,LIMIT,1702111036122,21717,0.0436296
USTCUSDT,SELL,LIMIT,1702111037168,3776,0.0436231
USTCUSDT,SELL,LIMIT,1702111038185,834,0.0435471
USTCUSDT,SELL,LIMIT,1702111039352,1725,0.0435138
USTCUSDT,SELL,LIMIT,1702111040597,10743,0.0435060
USTCUSDT,SELL,LIMIT,1702111042326,103848,0.0435038
USTCUSDT,SELL,LIMIT,1702111043324,229904,0.0432238
USTCUSDT,SELL,LIMIT,1702111044420,2363,0.0434756
USTCUSDT,SELL,LIMIT,1702111045499,3878,0.0433396
USTCUSDT,SELL,LIMIT,1702111046539,37953,0.0433967
USTCUSDT,SELL,LIMIT,1702111047545,4791,0.0433069
USTCUSDT,SELL,LIMIT,1702111048643,2168,0.0432128
USTCUSDT,BUY,LIMIT,1702111055242,13259,0.0448701
USTCUSDT,SELL,LIMIT,1702111192596,3647,0.0435713
USTCUSDT,SELL,LIMIT,1702111199743,36873,0.0435598
USTCUSDT,SELL,LIMIT,1702111203788,16775,0.0435386
USTCUSDT,SELL,LIMIT,1702111367265,42443,0.0434558
USTCUSDT,SELL,LIMIT,1702111377667,9817,0.0433007
USTCUSDT,SELL,LIMIT,1702111378799,23144,0.0432845
USTCUSDT,SELL,LIMIT,1702111380643,24064,0.0432469
USTCUSDT,SELL,LIMIT,1702111386529,31354,0.0432205
USTCUSDT,SELL,LIMIT,1702111387810,27352,0.0431804
USTCUSDT,SELL,LIMIT,1702111389226,15327,0.0431067
USTCUSDT,SELL,LIMIT,1702111390502,5770,0.0430557
USTCUSDT,BUY,LIMIT,1702111518189,10109,0.0448700
USTCUSDT,BUY,LIMIT,1702111549335,67298,0.0449349
USTCUSDT,SELL,LIMIT,1702112322667,1124,0.0435994
USTCUSDT,SELL,LIMIT,1702112885286,28961,0.0434822
USTCUSDT,SELL,LIMIT,1702113270223,1015,0.0433326
USTCUSDT,SELL,LIMIT,1702113996689,7595,0.0432858
USTCUSDT,BUY,LIMIT,1702114251124,2,0.0447005
USTCUSDT,SELL,LIMIT,1702114253199,3645,0.0433598
USTCUSDT,SELL,LIMIT,1702114771749,1389,0.0431289
USTCUSDT,SELL,LIMIT,1702114827545,11371,0.0430995
USTCUSDT,SELL,LIMIT,1702114842062,2744,0.0430257
USTCUSDT,SELL,LIMIT,1702115052178,43846,0.0429080
USTCUSDT,SELL,LIMIT,1702115082063,7825,0.0428257
USTCUSDT,SELL,LIMIT,1702115083357,2794,0.0427771
USTCUSDT,SELL,LIMIT,1702115087648,1401,0.0427112
USTCUSDT,SELL,LIMIT,1702115262336,23756,0.0428447
USTCUSDT,SELL,LIMIT,1702115615052,4504,0.0427356
USTCUSDT,SELL,LIMIT,1702115629254,23717,0.0427165
USTCUSDT,SELL,LIMIT,1702115631099,1849,0.0426960
USTCUSDT,SELL,LIMIT,1702115632246,55416,0.0426869
USTCUSDT,SELL,LIMIT,1702115715276,15237,0.0427950
USTCUSDT,BUY,LIMIT,1702116177386,13446,0.0443890
USTCUSDT,BUY,LIMIT,1702116494304,16392,0.0445652
USTCUSDT,SELL,LIMIT,1702117652652,2285,0.0428851
USTCUSDT,SELL,LIMIT,1702121028501,12245,0.0428947
USTCUSDT,SELL,LIMIT,1702121170113,2087,0.0428370
USTCUSDT,SELL,LIMIT,1702121382904,2233,0.0427864
USTCUSDT,BUY,LIMIT,1702122826052,35731,0.0445827
USTCUSDT,SELL,LIMIT,1702123440850,270,0.0430471
USTCUSDT,BUY,LIMIT,1702123657483,9513,0.0444847
USTCUSDT,SELL,LIMIT,1702124263764,1994,0.0431422
USTCUSDT,SELL,LIMIT,1702124291447,1309,0.0430504
USTCUSDT,SELL,LIMIT,1702125035657,4639,0.0429855
USTCUSDT,SELL,LIMIT,1702125069596,5318,0.0429161
USTCUSDT,SELL,LIMIT,1702125743267,159,0.0428915
USTCUSDT,SELL,LIMIT,1702125862379,11392,0.0428152
USTCUSDT,SELL,LIMIT,1702125864083,2758,0.0428011
USTCUSDT,SELL,LIMIT,1702125870462,19380,0.0427712
USTCUSDT,SELL,LIMIT,1702125883483,11301,0.0427349
USTCUSDT,SELL,LIMIT,1702125885254,19505,0.0427050
USTCUSDT,SELL,LIMIT,1702125886296,73047,0.0427904
USTCUSDT,SELL,LIMIT,1702128166809,35089,0.0429499
USTCUSDT,SELL,LIMIT,1702128558353,5419,0.0428919
USTCUSDT,SELL,LIMIT,1702128593073,191,0.0428759
USTCUSDT,SELL,LIMIT,1702128664588,3692,0.0428347
USTCUSDT,BUY,LIMIT,1702128845021,1423,0.0443684
USTCUSDT,SELL,LIMIT,1702129809599,6500,0.0430938
USTCUSDT,BUY,LIMIT,1702131059561,158,0.0447984
USTCUSDT,BUY,LIMIT,1702131068100,7975,0.0448218
USTCUSDT,BUY,LIMIT,1702131157135,2634,0.0448610
USTCUSDT,SELL,LIMIT,1702132307692,6795,0.0432302
USTCUSDT,SELL,LIMIT,1702132526301,4585,0.0431588
USTCUSDT,SELL,LIMIT,1702132616633,127,0.0429920
USTCUSDT,SELL,LIMIT,1702132640203,67826,0.0429391
USTCUSDT,SELL,LIMIT,1702132659937,7836,0.0428686
USTCUSDT,SELL,LIMIT,1702132676469,8096,0.0428349
USTCUSDT,SELL,LIMIT,1702132795822,63693,0.0427746
USTCUSDT,SELL,LIMIT,1702132820265,4690,0.0427412
USTCUSDT,SELL,LIMIT,1702132822953,1355,0.0427012
USTCUSDT,SELL,LIMIT,1702132953135,113384,0.0426232
USTCUSDT,SELL,LIMIT,1702132954174,80524,0.0425918
USTCUSDT,SELL,LIMIT,1702132991218,1556,0.0426234
USTCUSDT,SELL,LIMIT,1702132995082,4906,0.0425793
USTCUSDT,SELL,LIMIT,1702132996150,18222,0.0424430
USTCUSDT,SELL,LIMIT,1702132997167,507000,0.0420705
USTCUSDT,SELL,LIMIT,1702132998251,34108,0.0423839
USTCUSDT,SELL,LIMIT,1702133003164,5975,0.0423535
USTCUSDT,SELL,LIMIT,1702133004421,112605,0.0422802
USTCUSDT,SELL,LIMIT,1702133005543,880,0.0422734
USTCUSDT,SELL,LIMIT,1702133006553,50000,0.0421535
USTCUSDT,SELL,LIMIT,1702133009439,324,0.0421774
USTCUSDT,SELL,LIMIT,1702133327859,14752,0.0423179
USTCUSDT,SELL,LIMIT,1702133345691,119,0.0422374
