Symbol,Side,Order Type,Time,Quantity,Price
VETUSDT,SELL,LIMIT,1701914985217,39401,0.024865
VETUSDT,SELL,LIMIT,1701914986409,1168,0.024869
VETUSDT,SELL,LIMIT,1701915074854,51904,0.024808
VETUSDT,SELL,LIMIT,1701915454144,696,0.024791
VETUSDT,SELL,LIMIT,1701915803219,7134,0.024783
VETUSDT,SELL,LIMIT,1701915816292,40728,0.024767
VETUSDT,SELL,LIMIT,1701916038861,6826,0.024733
VETUSDT,SELL,LIMIT,1701917899490,47741,0.024679
VETUSDT,SELL,LIMIT,1701917931085,2236,0.024636
VETUSDT,SELL,LIMIT,1701918681737,819,0.024579
VETUSDT,SELL,LIMIT,1701928237919,3178,0.025272
VETUSDT,BUY,LIMIT,1701931291740,238,0.025533
VETUSDT,BUY,LIMIT,1701934893011,342,0.025445
VETUSDT,SELL,LIMIT,1701937901126,8716,0.024819
VETUSDT,SELL,LIMIT,1701939117214,850,0.024791
VETUSDT,SELL,LIMIT,1701939125993,17600,0.024774
VETUSDT,SELL,LIMIT,1701939340362,959,0.024761
VETUSDT,SELL,LIMIT,1701939358404,110891,0.024752
VETUSDT,SELL,LIMIT,1701939560462,1430,0.024704
VETUSDT,SELL,LIMIT,1701939971366,6834,0.024664
VETUSDT,SELL,LIMIT,1701940008262,110404,0.024644
VETUSDT,SELL,LIMIT,1701940471972,30450,0.024575
VETUSDT,SELL,LIMIT,1701940560300,11005,0.024493
VETUSDT,SELL,LIMIT,1701940562609,12174,0.024452
VETUSDT,SELL,LIMIT,1701940564312,40416,0.024466
VETUSDT,SELL,LIMIT,1701940568946,52827,0.024449
VETUSDT,SELL,LIMIT,1701940715449,5727,0.024429
VETUSDT,SELL,LIMIT,1701941016336,68053,0.024416
VETUSDT,SELL,LIMIT,1701941017519,58166,0.024406
VETUSDT,SELL,LIMIT,1701941066769,65257,0.024379
VETUSDT,SELL,LIMIT,1701941068302,1426,0.024364
VETUSDT,SELL,LIMIT,1701941074828,12102,0.024354
VETUSDT,SELL,LIMIT,1701941109276,8415,0.024352
VETUSDT,SELL,LIMIT,1701941155073,104365,0.024308
VETUSDT,SELL,LIMIT,1701941160721,686,0.024295
VETUSDT,SELL,LIMIT,1701941175886,7325,0.024277
VETUSDT,SELL,LIMIT,1701941186100,2647,0.024234
VETUSDT,SELL,LIMIT,1701941189204,22257,0.024216
VETUSDT,SELL,LIMIT,1701941191342,1214,0.024212
VETUSDT,SELL,LIMIT,1701941193454,22907,0.024190
VETUSDT,SELL,LIMIT,1701941205677,5074,0.024183
VETUSDT,SELL,LIMIT,1701941207671,4500,0.024171
VETUSDT,SELL,LIMIT,1701941233449,1818,0.024180
VETUSDT,SELL,LIMIT,1701941237314,710000,0.024072
VETUSDT,SELL,LIMIT,1701941239356,39297,0.024138
VETUSDT,SELL,LIMIT,1701941245456,37780,0.024128
VETUSDT,SELL,LIMIT,1701941255191,2381,0.024119
VETUSDT,SELL,LIMIT,1701941257368,780529,0.024042
VETUSDT,BUY,LIMIT,1701953976590,1,0.024924
VETUSDT,BUY,LIMIT,1701961097988,4456,0.024987
VETUSDT,BUY,LIMIT,1701962844271,4199,0.025061
VETUSDT,BUY,LIMIT,1701962852478,16246,0.025099
VETUSDT,BUY,LIMIT,1701963128396,55756,0.025135
VETUSDT,BUY,LIMIT,1701965061142,268,0.024055
VETUSDT,BUY,LIMIT,1701966210138,791,0.025205
VETUSDT,BUY,LIMIT,1701968403652,6449,0.025344
VETUSDT,SELL,LIMIT,1701974263581,17125,0.024743
VETUSDT,SELL,LIMIT,1701974755522,39642,0.024685
VETUSDT,SELL,LIMIT,1701976454741,12975,0.024642
VETUSDT,SELL,LIMIT,1701976687908,73823,0.024632
VETUSDT,SELL,LIMIT,1701977295718,15000,0.024510
VETUSDT,SELL,LIMIT,1701977345242,20887,0.024492
VETUSDT,SELL,LIMIT,1701978256939,4705,0.024470
VETUSDT,BUY,LIMIT,1701983043425,30357,0.025161
VETUSDT,BUY,LIMIT,1701986655088,17346,0.025471
VETUSDT,BUY,LIMIT,1701986657213,400,0.025499
VETUSDT,BUY,LIMIT,1702007240478,28860,0.025564
VETUSDT,BUY,LIMIT,1702008187267,2900,0.025525
VETUSDT,BUY,LIMIT,1702008870440,20000,0.025509
VETUSDT,BUY,LIMIT,1702015834816,819,0.025597
VETUSDT,BUY,LIMIT,1702016012852,2331,0.025636
VETUSDT,BUY,LIMIT,1702016075172,1635,0.025651
VETUSDT,BUY,LIMIT,1702019287390,28103,0.025366
VETUSDT,SELL,LIMIT,1702020662595,15618,0.024903
VETUSDT,SELL,LIMIT,1702023055597,864,0.024886
VETUSDT,SELL,LIMIT,1702023062603,45671,0.024847
VETUSDT,BUY,LIMIT,1702033185135,2160,0.025658
VETUSDT,BUY,LIMIT,1702033936705,49622,0.025683
VETUSDT,BUY,LIMIT,1702033938669,344,0.025712
VETUSDT,BUY,LIMIT,1702035271039,231,0.025723
VETUSDT,BUY,LIMIT,1702035632392,1497,0.025773
VETUSDT,BUY,LIMIT,1702035855767,364,0.025807
VETUSDT,BUY,LIMIT,1702035965428,20242,0.025854
VETUSDT,BUY,LIMIT,1702036799443,20160,0.025954
VETUSDT,SELL,LIMIT,1702037074754,198,0.025566
VETUSDT,BUY,LIMIT,1702037666722,5052,0.025907
VETUSDT,BUY,LIMIT,1702037882829,947,0.025980
VETUSDT,BUY,LIMIT,1702037953725,393,0.026053
VETUSDT,BUY,LIMIT,1702037977284,18207,0.026094
VETUSDT,BUY,LIMIT,1702038145142,1935,0.026147
VETUSDT,BUY,LIMIT,1702038421271,2750,0.026171
VETUSDT,BUY,LIMIT,1702038643526,5000,0.026156
VETUSDT,BUY,LIMIT,1702039590147,5278,0.026204
VETUSDT,BUY,LIMIT,1702042981616,97519,0.026286
VETUSDT,BUY,LIMIT,1702042998318,19426,0.026300
VETUSDT,BUY,LIMIT,1702043039870,887,0.026364
VETUSDT,BUY,LIMIT,1702043049218,9535,0.026367
VETUSDT,BUY,LIMIT,1702043057057,12309,0.026371
VETUSDT,BUY,LIMIT,1702044165884,3174,0.026443
VETUSDT,BUY,LIMIT,1702044192146,1,0.026462
VETUSDT,BUY,LIMIT,1702044193467,64521,0.026462
VETUSDT,BUY,LIMIT,1702044198797,436,0.026482
VETUSDT,BUY,LIMIT,1702047817106,16720,0.026517
VETUSDT,BUY,LIMIT,1702048108127,299,0.026531
VETUSDT,BUY,LIMIT,1702048201366,18912,0.026557
VETUSDT,BUY,LIMIT,1702049563179,7668,0.026596
VETUSDT,BUY,LIMIT,1702049564225,1532,0.026618
VETUSDT,BUY,LIMIT,1702049596654,4287,0.026659
VETUSDT,BUY,LIMIT,1702049599162,18577,0.026676
VETUSDT,BUY,LIMIT,1702049621390,25672,0.026698
VETUSDT,BUY,LIMIT,1702049655152,1186,0.026747
VETUSDT,BUY,LIMIT,1702049656159,1958,0.026767
VETUSDT,BUY,LIMIT,1702049740304,338348,0.026891
VETUSDT,BUY,LIMIT,1702049742248,105728,0.026849
VETUSDT,BUY,LIMIT,1702049800419,414761,0.026934
VETUSDT,BUY,LIMIT,1702049867593,8982,0.026922
VETUSDT,BUY,LIMIT,1702049876762,73565,0.026963
VETUSDT,BUY,LIMIT,1702049881552,4661,0.026982
VETUSDT,BUY,LIMIT,1702049887205,1087,0.027007
VETUSDT,BUY,LIMIT,1702049891132,26136,0.027037
VETUSDT,BUY,LIMIT,1702049892146,51954,0.027041
VETUSDT,BUY,LIMIT,1702049893313,46698,0.027077
VETUSDT,BUY,LIMIT,1702049896889,811,0.027129
VETUSDT,BUY,LIMIT,1702049901250,232,0.027192
VETUSDT,BUY,LIMIT,1702049902375,13269,0.027199
VETUSDT,BUY,LIMIT,1702049903670,11071,0.027224
VETUSDT,BUY,LIMIT,1702049905551,9695,0.027278
VETUSDT,BUY,LIMIT,1702049923617,572,0.027333
VETUSDT,BUY,LIMIT,1702049925093,7883,0.027370
VETUSDT,BUY,LIMIT,1702049938679,1298,0.027393
VETUSDT,BUY,LIMIT,1702051501763,3715,0.027420
VETUSDT,SELL,LIMIT,1702051943317,103132,0.026700
VETUSDT,BUY,LIMIT,1702052161448,1977,0.027226
VETUSDT,BUY,LIMIT,1702052530226,2876,0.027172
VETUSDT,SELL,LIMIT,1702054211407,1345,0.026664
VETUSDT,SELL,LIMIT,1702054451371,36845,0.026613
VETUSDT,SELL,LIMIT,1702054453727,5184,0.026603
VETUSDT,SELL,LIMIT,1702054456163,1845,0.026598
VETUSDT,SELL,LIMIT,1702055229079,368,0.026559
VETUSDT,SELL,LIMIT,1702055287250,8569,0.026554
VETUSDT,SELL,LIMIT,1702058482815,1855,0.026379
VETUSDT,SELL,LIMIT,1702058830886,43463,0.026346
VETUSDT,SELL,LIMIT,1702058988668,3762,0.026317
VETUSDT,BUY,LIMIT,1702060191427,251,0.026727
VETUSDT,SELL,LIMIT,1702060760074,38684,0.026284
VETUSDT,BUY,LIMIT,1702065707312,58476,0.026894
VETUSDT,BUY,LIMIT,1702065708498,598,0.026945
VETUSDT,BUY,LIMIT,1702066538275,2294,0.026960
VETUSDT,BUY,LIMIT,1702067590379,83581,0.027053
VETUSDT,BUY,LIMIT,1702067639890,449,0.027051
VETUSDT,BUY,LIMIT,1702068006068,860,0.027077
VETUSDT,BUY,LIMIT,1702068285726,551,0.027121
VETUSDT,BUY,LIMIT,1702068663440,30330,0.027141
VETUSDT,BUY,LIMIT,1702068706780,1153,0.027168
VETUSDT,BUY,LIMIT,1702069078918,1900,0.027158
VETUSDT,BUY,LIMIT,1702070916808,4684,0.027166
VETUSDT,BUY,LIMIT,1702078884211,4498,0.027090
VETUSDT,BUY,LIMIT,1702080100179,1177,0.027200
VETUSDT,BUY,LIMIT,1702080687268,4975,0.027262
VETUSDT,BUY,LIMIT,1702081703804,49270,0.027343
VETUSDT,BUY,LIMIT,1702081776368,1177,0.027349
VETUSDT,BUY,LIMIT,1702081984616,14849,0.027392
VETUSDT,BUY,LIMIT,1702082044060,2757,0.027393
VETUSDT,BUY,LIMIT,1702082438190,20000,0.027391
VETUSDT,SELL,LIMIT,1702082924582,464,0.027087
VETUSDT,BUY,LIMIT,1702082974938,9595,0.027421
VETUSDT,BUY,LIMIT,1702083126195,16449,0.027409
VETUSDT,BUY,LIMIT,1702083450739,1347,0.027468
VETUSDT,BUY,LIMIT,1702083454026,1000,0.027480
VETUSDT,SELL,LIMIT,1702084027271,250,0.026932
VETUSDT,BUY,LIMIT,1702086507645,1542,0.027262
VETUSDT,BUY,LIMIT,1702090510461,128342,0.027212
VETUSDT,BUY,LIMIT,1702091266960,3413,0.027300
VETUSDT,BUY,LIMIT,1702096578096,62885,0.027550
VETUSDT,BUY,LIMIT,1702096642325,6498,0.027544
VETUSDT,BUY,LIMIT,1702097267220,12000,0.027574
VETUSDT,BUY,LIMIT,1702097270683,8158,0.027574
VETUSDT,BUY,LIMIT,1702097272024,2353,0.027575
VETUSDT,BUY,LIMIT,1702097878233,1177,0.027624
VETUSDT,BUY,LIMIT,1702097896375,46783,0.027630
VETUSDT,BUY,LIMIT,1702097900240,384,0.027631
VETUSDT,BUY,LIMIT,1702097904064,41691,0.027641
VETUSDT,BUY,LIMIT,1702098564170,62631,0.027677
VETUSDT,BUY,LIMIT,1702098694522,1274,0.027654
VETUSDT,BUY,LIMIT,1702100303813,32038,0.027692
VETUSDT,BUY,LIMIT,1702100308270,25719,0.027698
VETUSDT,BUY,LIMIT,1702100583972,51185,0.027720
VETUSDT,BUY,LIMIT,1702100614417,3523,0.027733
VETUSDT,BUY,LIMIT,1702102929864,9617,0.027664
VETUSDT,BUY,LIMIT,1702103111875,49339,0.027652
VETUSDT,BUY,LIMIT,1702103212393,12683,0.027669
VETUSDT,BUY,LIMIT,1702103376621,16482,0.027705
VETUSDT,BUY,LIMIT,1702103679813,5886,0.027712
VETUSDT,BUY,LIMIT,1702104819191,14768,0.027755
VETUSDT,BUY,LIMIT,1702105695055,22908,0.027835
VETUSDT,BUY,LIMIT,1702105696359,7594,0.027837
VETUSDT,BUY,LIMIT,1702105773259,59487,0.027862
VETUSDT,BUY,LIMIT,1702107193189,32293,0.027805
VETUSDT,BUY,LIMIT,1702107972321,650,0.027856
VETUSDT,BUY,LIMIT,1702107978162,2878,0.027864
VETUSDT,BUY,LIMIT,1702108233149,1834,0.027912
VETUSDT,BUY,LIMIT,1702108358162,186,0.027906
VETUSDT,BUY,LIMIT,1702108555235,1195,0.027893
VETUSDT,BUY,LIMIT,1702109210138,597,0.027864
VETUSDT,BUY,LIMIT,1702109244834,3697,0.027833
VETUSDT,BUY,LIMIT,1702110091555,40799,0.027905
VETUSDT,SELL,LIMIT,1702110970061,216,0.027226
VETUSDT,SELL,LIMIT,1702110981343,169115,0.027155
VETUSDT,SELL,LIMIT,1702111018531,1822,0.027109
VETUSDT,SELL,LIMIT,1702111028776,83263,0.027039
VETUSDT,BUY,LIMIT,1702111030249,1177,0.027352
VETUSDT,SELL,LIMIT,1702111031400,366,0.027043
VETUSDT,SELL,LIMIT,1702111037456,29433,0.026970
VETUSDT,SELL,LIMIT,1702111044456,1047,0.026934
VETUSDT,SELL,LIMIT,1702111373140,139533,0.026826
VETUSDT,SELL,LIMIT,1702111379235,28944,0.026835
VETUSDT,SELL,LIMIT,1702111382310,7123,0.026761
VETUSDT,SELL,LIMIT,1702111387706,7559,0.026725
VETUSDT,BUY,LIMIT,1702113790817,212447,0.027478
VETUSDT,BUY,LIMIT,1702127215502,23567,0.027985
VETUSDT,BUY,LIMIT,1702127236332,7685,0.028006
VETUSDT,BUY,LIMIT,1702128343433,6707,0.028126
VETUSDT,BUY,LIMIT,1702128344467,5016,0.028128
VETUSDT,BUY,LIMIT,1702128385321,43508,0.028156
VETUSDT,BUY,LIMIT,1702128424424,47009,0.028171
VETUSDT,BUY,LIMIT,1702128432198,36065,0.028183
VETUSDT,BUY,LIMIT,1702128474590,5461,0.028206
VETUSDT,BUY,LIMIT,1702129159106,1888,0.028230
VETUSDT,BUY,LIMIT,1702130194060,9576,0.028355
VETUSDT,BUY,LIMIT,1702130232701,13839,0.028358
VETUSDT,BUY,LIMIT,1702131378109,5177,0.028419
VETUSDT,SELL,LIMIT,1702132997996,22911,0.027641
VETUSDT,SELL,LIMIT,1702133000580,1843,0.027655
VETUSDT,SELL,LIMIT,1702133006390,16764,0.027578
VETUSDT,SELL,LIMIT,1702133007626,9653,0.027552
VETUSDT,BUY,LIMIT,1702137002868,4075,0.028301
VETUSDT,BUY,LIMIT,1702137045972,73693,0.028349
VETUSDT,SELL,LIMIT,1702139124340,2835,0.027769
VETUSDT,SELL,LIMIT,1702141666512,3141,0.027613
VETUSDT,SELL,LIMIT,1702141849429,33145,0.027505
VETUSDT,SELL,LIMIT,1702141853713,27800,0.027459
VETUSDT,SELL,LIMIT,1702141859866,70000,0.027447
VETUSDT,SELL,LIMIT,1702143934463,464,0.027586
VETUSDT,BUY,LIMIT,1702144942431,1017699,0.027891
VETUSDT,SELL,LIMIT,1702153491240,1196,0.027374
VETUSDT,SELL,LIMIT,1702153861517,13427,0.027280
VETUSDT,SELL,LIMIT,1702153863305,177925,0.027271
VETUSDT,SELL,LIMIT,1702153876715,2099,0.027246
VETUSDT,SELL,LIMIT,1702153887605,2237,0.027231
VETUSDT,SELL,LIMIT,1702155739342,50414,0.027206
VETUSDT,SELL,LIMIT,1702155870838,8035,0.027181
VETUSDT,SELL,LIMIT,1702156360628,2309,0.027169
VETUSDT,SELL,LIMIT,1702156536966,5338,0.027157
VETUSDT,SELL,LIMIT,1702161389834,18662,0.027529
VETUSDT,SELL,LIMIT,1702162172949,3060,0.027464
VETUSDT,SELL,LIMIT,1702164303204,40179,0.027176
VETUSDT,SELL,LIMIT,1702164525477,43705,0.027132
VETUSDT,SELL,LIMIT,1702164544673,3226,0.027090
VETUSDT,SELL,LIMIT,1702164682419,3253,0.027059
VETUSDT,SELL,LIMIT,1702164687081,824,0.027050
VETUSDT,SELL,LIMIT,1702164743753,84609,0.027010
VETUSDT,SELL,LIMIT,1702164747805,11093,0.026978
VETUSDT,SELL,LIMIT,1702164749361,177,0.026971
VETUSDT,SELL,LIMIT,1702164750482,2782,0.026958
VETUSDT,SELL,LIMIT,1702164792046,736,0.026935
VETUSDT,SELL,LIMIT,1702164799292,2162,0.026918
VETUSDT,SELL,LIMIT,1702164800473,911,0.026917
VETUSDT,SELL,LIMIT,1702164806623,3897,0.026875
VETUSDT,SELL,LIMIT,1702164809280,5196,0.026843
VETUSDT,SELL,LIMIT,1702190315410,68438,0.027228
VETUSDT,SELL,LIMIT,1702193792002,3933,0.027043
VETUSDT,SELL,LIMIT,1702196684495,34286,0.026934
VETUSDT,SELL,LIMIT,1702196713893,1355,0.026916
VETUSDT,SELL,LIMIT,1702197052201,3177,0.026862
VETUSDT,SELL,LIMIT,1702197765176,28388,0.026792
VETUSDT,SELL,LIMIT,1702197766355,319983,0.026743
VETUSDT,SELL,LIMIT,1702197855479,16739,0.026762
VETUSDT,SELL,LIMIT,1702198460885,14387,0.026749
VETUSDT,SELL,LIMIT,1702198489877,12948,0.026739
VETUSDT,SELL,LIMIT,1702200277594,843,0.026660
VETUSDT,SELL,LIMIT,1702200310108,1984,0.026633
VETUSDT,SELL,LIMIT,1702200322462,170000,0.026630
VETUSDT,SELL,LIMIT,1702200330052,17177,0.026615
VETUSDT,SELL,LIMIT,1702200450224,3706,0.026580
VETUSDT,SELL,LIMIT,1702200531877,5533,0.026570
VETUSDT,SELL,LIMIT,1702200731176,1778,0.026531
VETUSDT,SELL,LIMIT,1702200762918,7891,0.026500
VETUSDT,SELL,LIMIT,1702200881137,14387,0.026441
VETUSDT,SELL,LIMIT,1702201339553,34773,0.026381
VETUSDT,SELL,LIMIT,1702201341197,27523,0.026342
VETUSDT,SELL,LIMIT,1702201477705,5980,0.026322
VETUSDT,SELL,LIMIT,1702201479308,173592,0.026312
VETUSDT,SELL,LIMIT,1702201483187,9963,0.026312
VETUSDT,SELL,LIMIT,1702202081212,17371,0.026332
VETUSDT,SELL,LIMIT,1702202096859,7305,0.026355
VETUSDT,SELL,LIMIT,1702202151028,65811,0.026292
VETUSDT,SELL,LIMIT,1702202152125,213,0.026286
VETUSDT,SELL,LIMIT,1702202160671,24305,0.026281
VETUSDT,SELL,LIMIT,1702202259316,80,0.026273
VETUSDT,SELL,LIMIT,1702202261228,2869,0.026259
VETUSDT,SELL,LIMIT,1702202267739,1845,0.026252
VETUSDT,SELL,LIMIT,1702202280117,392768,0.026195
VETUSDT,SELL,LIMIT,1702202291267,6644,0.026234
VETUSDT,SELL,LIMIT,1702202298159,13137,0.026232
VETUSDT,SELL,LIMIT,1702202302650,5444,0.026224
VETUSDT,SELL,LIMIT,1702202304175,22663,0.026209
VETUSDT,SELL,LIMIT,1702202308096,2257136,0.025878
VETUSDT,SELL,LIMIT,1702202318310,6581,0.026199
VETUSDT,SELL,LIMIT,1702202320470,183,0.026198
VETUSDT,SELL,LIMIT,1702202321486,63414,0.026172
VETUSDT,SELL,LIMIT,1702202323300,9871,0.026123
VETUSDT,SELL,LIMIT,1702202324363,32905,0.026130
VETUSDT,SELL,LIMIT,1702202380131,6581,0.026099
VETUSDT,SELL,LIMIT,1702202381530,2460,0.026100
VETUSDT,SELL,LIMIT,1702202387888,6581,0.026093
VETUSDT,SELL,LIMIT,1702202390401,10535,0.026078
VETUSDT,SELL,LIMIT,1702202402745,700,0.026068
VETUSDT,BUY,LIMIT,1702205809350,1833,0.026885
VETUSDT,BUY,LIMIT,1702210486500,189035,0.026974
VETUSDT,BUY,LIMIT,1702220957904,186567,0.027144
VETUSDT,BUY,LIMIT,1702221805187,1000,0.027224
VETUSDT,BUY,LIMIT,1702224261279,809,0.027295
VETUSDT,BUY,LIMIT,1702228839981,657,0.026954
VETUSDT,BUY,LIMIT,1702231977051,139469,0.027366
VETUSDT,BUY,LIMIT,1702232307586,19488,0.027399
VETUSDT,SELL,LIMIT,1702235727639,213,0.027240
VETUSDT,BUY,LIMIT,1702237581110,8309,0.027616
VETUSDT,BUY,LIMIT,1702238060461,4503,0.027693
VETUSDT,BUY,LIMIT,1702240549662,22525,0.027849
VETUSDT,BUY,LIMIT,1702240638436,27750,0.027852
VETUSDT,BUY,LIMIT,1702240645108,59872,0.027865
VETUSDT,BUY,LIMIT,1702240762134,7131,0.027882
VETUSDT,BUY,LIMIT,1702240912819,62387,0.027932
VETUSDT,BUY,LIMIT,1702240915264,23261,0.027934
VETUSDT,BUY,LIMIT,1702241324614,5914,0.028147
VETUSDT,BUY,LIMIT,1702241485487,4250,0.028179
VETUSDT,BUY,LIMIT,1702241525368,414,0.028199
VETUSDT,BUY,LIMIT,1702241920628,3154,0.028232
VETUSDT,BUY,LIMIT,1702242002276,1537,0.028253
VETUSDT,BUY,LIMIT,1702242499388,2597,0.028287
VETUSDT,BUY,LIMIT,1702242508188,6583,0.028292
VETUSDT,SELL,LIMIT,1702245700554,177556,0.027566
VETUSDT,SELL,LIMIT,1702247695091,20936,0.027530
VETUSDT,SELL,LIMIT,1702248456322,1713,0.027510
VETUSDT,SELL,LIMIT,1702248526096,9005,0.027497
VETUSDT,SELL,LIMIT,1702248601231,5926,0.027452
VETUSDT,SELL,LIMIT,1702250163324,3533,0.027431
VETUSDT,SELL,LIMIT,1702250178403,18804,0.027416
VETUSDT,SELL,LIMIT,1702250298082,217,0.027326
VETUSDT,BUY,LIMIT,1702252682071,14385,0.027983
VETUSDT,SELL,LIMIT,1702256607290,2125,0.027433
VETUSDT,SELL,LIMIT,1702256620301,3566,0.027397
VETUSDT,SELL,LIMIT,1702256724029,4763,0.027316
VETUSDT,SELL,LIMIT,1702256915264,35630,0.027270
VETUSDT,BUY,LIMIT,1702259325974,19072,0.028008
VETUSDT,SELL,LIMIT,1702260421903,11995,0.027348
VETUSDT,SELL,LIMIT,1702260432004,24160,0.027254
VETUSDT,SELL,LIMIT,1702260436936,9429,0.027176
VETUSDT,SELL,LIMIT,1702260439246,253,0.027178
VETUSDT,SELL,LIMIT,1702260441199,10000,0.027175
VETUSDT,SELL,LIMIT,1702260627072,1713,0.027061
VETUSDT,SELL,LIMIT,1702260628733,381,0.027057
VETUSDT,SELL,LIMIT,1702260631477,92943,0.027023
VETUSDT,SELL,LIMIT,1702260633921,42138,0.027012
VETUSDT,SELL,LIMIT,1702260636267,222,0.026997
VETUSDT,SELL,LIMIT,1702260637792,8363,0.026964
VETUSDT,SELL,LIMIT,1702260695584,87429,0.026908
VETUSDT,SELL,LIMIT,1702260697151,480,0.026904
VETUSDT,SELL,LIMIT,1702260700535,19867,0.026863
VETUSDT,SELL,LIMIT,1702260707824,7164,0.026833
VETUSDT,SELL,LIMIT,1702260709138,3972,0.026807
VETUSDT,SELL,LIMIT,1702260710288,214,0.026746
VETUSDT,SELL,LIMIT,1702260711570,18044,0.026767
VETUSDT,SELL,LIMIT,1702260713057,2415,0.026753
VETUSDT,SELL,LIMIT,1702260714249,5353,0.026729
VETUSDT,SELL,LIMIT,1702260716240,3239,0.026709
VETUSDT,SELL,LIMIT,1702260718560,1836,0.026675
VETUSDT,SELL,LIMIT,1702260719611,834,0.026839
VETUSDT,SELL,LIMIT,1702260722628,4045,0.026632
VETUSDT,SELL,LIMIT,1702260723726,9074,0.026622
VETUSDT,SELL,LIMIT,1702260724974,14815,0.026569
VETUSDT,SELL,LIMIT,1702260726284,65558,0.026701
VETUSDT,SELL,LIMIT,1702260727649,511136,0.026457
VETUSDT,SELL,LIMIT,1702260728826,26626,0.026727
VETUSDT,SELL,LIMIT,1702260730265,197,0.026538
VETUSDT,SELL,LIMIT,1702260731858,13340,0.026509
VETUSDT,SELL,LIMIT,1702260733399,7626,0.026503
VETUSDT,SELL,LIMIT,1702260734609,6644,0.026470
VETUSDT,SELL,LIMIT,1702260737453,51,0.026428
VETUSDT,SELL,LIMIT,1702260738567,180,0.026429
VETUSDT,SELL,LIMIT,1702260739662,12514,0.026414
VETUSDT,SELL,LIMIT,1702260740895,5396,0.026409
VETUSDT,SELL,LIMIT,1702260742005,8493,0.026344
VETUSDT,SELL,LIMIT,1702260743794,2603,0.026406
VETUSDT,SELL,LIMIT,1702260745550,24868,0.026309
VETUSDT,SELL,LIMIT,1702260746807,3626,0.026309
VETUSDT,SELL,LIMIT,1702260748698,27363,0.026277
VETUSDT,SELL,LIMIT,1702260749743,28882,0.026224
VETUSDT,SELL,LIMIT,1702260751015,15130,0.026315
VETUSDT,SELL,LIMIT,1702260752825,714,0.026211
VETUSDT,BUY,LIMIT,1702260754428,21244,0.026541
VETUSDT,SELL,LIMIT,1702260756087,7590,0.026317
VETUSDT,SELL,LIMIT,1702260757506,19933,0.026197
VETUSDT,BUY,LIMIT,1702260758667,1713,0.026505
VETUSDT,SELL,LIMIT,1702260760126,180,0.026179
VETUSDT,SELL,LIMIT,1702260761245,500,0.026148
VETUSDT,SELL,LIMIT,1702260762252,16481,0.026148
VETUSDT,SELL,LIMIT,1702260763275,144404,0.026495
VETUSDT,SELL,LIMIT,1702260764459,805970,0.026074
VETUSDT,SELL,LIMIT,1702260765723,181,0.026094
VETUSDT,SELL,LIMIT,1702260766716,181,0.026097
VETUSDT,SELL,LIMIT,1702260767875,42814,0.026073
VETUSDT,SELL,LIMIT,1702260769189,8531,0.026065
VETUSDT,SELL,LIMIT,1702260770300,35068,0.026053
VETUSDT,SELL,LIMIT,1702260771532,10000,0.026059
VETUSDT,SELL,LIMIT,1702260772617,4262,0.026037
VETUSDT,SELL,LIMIT,1702260773769,2000,0.026037
VETUSDT,SELL,LIMIT,1702260774802,11143,0.026020
VETUSDT,SELL,LIMIT,1702260775879,197,0.026020
VETUSDT,SELL,LIMIT,1702260776917,370,0.025981
VETUSDT,SELL,LIMIT,1702260778208,370,0.025978
VETUSDT,SELL,LIMIT,1702260779281,2000,0.026005
VETUSDT,SELL,LIMIT,1702260780334,36162,0.025962
VETUSDT,SELL,LIMIT,1702260781594,370,0.025916
VETUSDT,SELL,LIMIT,1702260782772,11171,0.025959
VETUSDT,SELL,LIMIT,1702260783783,14958,0.025876
VETUSDT,SELL,LIMIT,1702260784787,1500,0.025932
VETUSDT,SELL,LIMIT,1702260786040,1114,0.026191
VETUSDT,SELL,LIMIT,1702260787262,58947,0.025905
VETUSDT,SELL,LIMIT,1702260788454,9310,0.025796
VETUSDT,SELL,LIMIT,1702260789490,96449,0.025814
VETUSDT,SELL,LIMIT,1702260790636,212539,0.025779
VETUSDT,SELL,LIMIT,1702260792303,10430,0.025825
VETUSDT,SELL,LIMIT,1702260793411,1781,0.025616
VETUSDT,SELL,LIMIT,1702260794440,3670,0.025592
VETUSDT,SELL,LIMIT,1702260796379,1994,0.025586
VETUSDT,SELL,LIMIT,1702260797391,6894,0.025580
VETUSDT,SELL,LIMIT,1702260799586,9638,0.025468
VETUSDT,SELL,LIMIT,1702260800724,6644,0.026236
VETUSDT,SELL,LIMIT,1702260802216,11019,0.025472
VETUSDT,SELL,LIMIT,1702260803367,922,0.025466
VETUSDT,SELL,LIMIT,1702260804796,11900,0.025412
VETUSDT,SELL,LIMIT,1702260806327,21672,0.025416
VETUSDT,SELL,LIMIT,1702260807539,1681,0.025391
VETUSDT,SELL,LIMIT,1702260808958,11793,0.025404
VETUSDT,SELL,LIMIT,1702260810220,8613,0.025290
VETUSDT,SELL,LIMIT,1702260811300,1947,0.025290
VETUSDT,SELL,LIMIT,1702260812763,4885,0.025276
VETUSDT,SELL,LIMIT,1702260813866,3321,0.025192
VETUSDT,SELL,LIMIT,1702260816192,17882,0.025198
VETUSDT,SELL,LIMIT,1702260817646,1113341,0.024967
VETUSDT,SELL,LIMIT,1702260818711,370,0.025183
VETUSDT,SELL,LIMIT,1702260821339,37780,0.025439
VETUSDT,SELL,LIMIT,1702260829072,25054,0.025387
VETUSDT,SELL,LIMIT,1702260831107,187242,0.025302
VETUSDT,BUY,LIMIT,1702261116491,362,0.026036
VETUSDT,SELL,LIMIT,1702262850361,38314,0.025555
