Symbol,Side,Order Type,Time,Quantity,Price
WAVESUSDT,SELL,LIMIT,1701915454144,4.5,2.2095
WAVESUSDT,BUY,LIMIT,1701923504117,14.9,2.3080
WAVESUSDT,BUY,LIMIT,1701924215160,6.6,2.3254
WAVESUSDT,BUY,LIMIT,1701930630392,1311.4,2.3439
WAVESUSDT,SELL,LIMIT,1701931648365,163.5,2.2696
WAVESUSDT,SELL,LIMIT,1701936768989,4.3,2.2546
WAVESUSDT,SELL,LIMIT,1701936856107,155.4,2.2483
WAVESUSDT,SELL,LIMIT,1701936862984,19.1,2.2476
WAVESUSDT,SELL,LIMIT,1701936913521,24.1,2.2436
WAVESUSDT,SELL,LIMIT,1701936914724,232.4,2.2425
WAVESUSDT,SELL,LIMIT,1701936969596,1523.9,2.2422
WAVESUSDT,SELL,LIMIT,1701937297009,742.4,2.2369
WAVESUSDT,SELL,LIMIT,1701937352837,7.7,2.2311
WAVESUSDT,SELL,LIMIT,1701937824802,33.2,2.2282
WAVESUSDT,SELL,LIMIT,1701939123100,1762.8,2.2246
WAVESUSDT,SELL,LIMIT,1701939474292,1108.0,2.2190
WAVESUSDT,SELL,LIMIT,1701940555785,312.2,2.2010
WAVESUSDT,SELL,LIMIT,1701940561761,94.2,2.1976
WAVESUSDT,SELL,LIMIT,1701940563127,3257.7,2.1881
WAVESUSDT,SELL,LIMIT,1701940564461,1283.4,2.1950
WAVESUSDT,SELL,LIMIT,1701940565825,146.6,2.1942
WAVESUSDT,SELL,LIMIT,1701940568318,214.3,2.1901
WAVESUSDT,SELL,LIMIT,1701941057945,252.6,2.1888
WAVESUSDT,SELL,LIMIT,1701941074828,130.5,2.1889
WAVESUSDT,SELL,LIMIT,1701941095216,117.3,2.1869
WAVESUSDT,SELL,LIMIT,1701941109212,372.7,2.1846
WAVESUSDT,SELL,LIMIT,1701941110520,434.7,2.1840
WAVESUSDT,SELL,LIMIT,1701941150811,2145.1,2.1805
WAVESUSDT,SELL,LIMIT,1701941152094,174.4,2.1787
WAVESUSDT,SELL,LIMIT,1701941153229,73.6,2.1780
WAVESUSDT,SELL,LIMIT,1701941161888,281.2,2.1745
WAVESUSDT,SELL,LIMIT,1701941169754,4.4,2.1771
WAVESUSDT,SELL,LIMIT,1701941173992,40.6,2.1738
WAVESUSDT,SELL,LIMIT,1701941182172,351.1,2.1712
WAVESUSDT,SELL,LIMIT,1701941183674,18.7,2.1692
WAVESUSDT,SELL,LIMIT,1701941186399,78.5,2.1676
WAVESUSDT,SELL,LIMIT,1701941187474,264.7,2.1664
WAVESUSDT,SELL,LIMIT,1701941188504,174.7,2.1664
WAVESUSDT,SELL,LIMIT,1701941189736,25.4,2.1606
WAVESUSDT,SELL,LIMIT,1701941194188,164.4,2.1593
WAVESUSDT,SELL,LIMIT,1701941225558,2.3,2.2291
WAVESUSDT,SELL,LIMIT,1701941239422,239.0,2.1588
WAVESUSDT,SELL,LIMIT,1701941245131,576.4,2.1558
WAVESUSDT,SELL,LIMIT,1701941246583,2.6,2.1551
WAVESUSDT,BUY,LIMIT,1701953976590,0.1,2.2946
WAVESUSDT,SELL,LIMIT,1701954581003,441.8,2.2186
WAVESUSDT,SELL,LIMIT,1701956658289,2233.4,2.2053
WAVESUSDT,SELL,LIMIT,1701956906147,67.5,2.2031
WAVESUSDT,BUY,LIMIT,1701960999426,18.1,2.2957
WAVESUSDT,BUY,LIMIT,1701961076826,304.8,2.2978
WAVESUSDT,BUY,LIMIT,1701963688032,23.9,2.3304
WAVESUSDT,SELL,LIMIT,1701964874334,82.4,2.2452
WAVESUSDT,SELL,LIMIT,1701964901161,2181.1,2.2420
WAVESUSDT,SELL,LIMIT,1701964934164,21.3,2.2387
WAVESUSDT,BUY,LIMIT,1701966808334,2753.8,2.3596
WAVESUSDT,BUY,LIMIT,1701968724400,10.7,2.3604
WAVESUSDT,BUY,LIMIT,1701968725990,1057.5,2.3609
WAVESUSDT,BUY,LIMIT,1701969711213,61.3,2.3654
WAVESUSDT,BUY,LIMIT,1701970182052,15.7,2.3740
WAVESUSDT,SELL,LIMIT,1701970719318,511.1,2.2908
WAVESUSDT,SELL,LIMIT,1701970779483,1591.9,2.2876
WAVESUSDT,BUY,LIMIT,1701971753363,265.2,2.3614
WAVESUSDT,SELL,LIMIT,1701978153051,528.9,2.2432
WAVESUSDT,SELL,LIMIT,1701978257283,1522.0,2.2412
WAVESUSDT,BUY,LIMIT,1701979525164,1095.9,2.3261
WAVESUSDT,SELL,LIMIT,1701981623196,130.3,2.2436
WAVESUSDT,BUY,LIMIT,1701982566965,21.3,2.3263
WAVESUSDT,BUY,LIMIT,1701984528029,870.3,2.3419
WAVESUSDT,SELL,LIMIT,1701987558755,47.0,2.2693
WAVESUSDT,BUY,LIMIT,1701993718470,398.9,2.3542
WAVESUSDT,BUY,LIMIT,1702007154541,12.1,2.3553
WAVESUSDT,SELL,LIMIT,1702020530518,4.6,2.2819
WAVESUSDT,BUY,LIMIT,1702021282885,114.7,2.3834
WAVESUSDT,SELL,LIMIT,1702021877003,100.9,2.3095
WAVESUSDT,SELL,LIMIT,1702022495101,62.3,2.3016
WAVESUSDT,SELL,LIMIT,1702022548552,76.8,2.2990
WAVESUSDT,SELL,LIMIT,1702022661698,106.7,2.2967
WAVESUSDT,SELL,LIMIT,1702022831903,243.5,2.2918
WAVESUSDT,BUY,LIMIT,1702029847575,85.2,2.3905
WAVESUSDT,BUY,LIMIT,1702030224123,8.7,2.4131
WAVESUSDT,BUY,LIMIT,1702030245132,3.1,2.4154
WAVESUSDT,BUY,LIMIT,1702030251401,2150.4,2.4175
WAVESUSDT,BUY,LIMIT,1702030253850,3.2,2.4205
WAVESUSDT,SELL,LIMIT,1702030326932,40.2,2.3144
WAVESUSDT,BUY,LIMIT,1702033029892,431.8,2.3741
WAVESUSDT,BUY,LIMIT,1702034375160,2134.6,2.3703
WAVESUSDT,BUY,LIMIT,1702034888165,11.5,2.3855
WAVESUSDT,SELL,LIMIT,1702035567070,10.0,2.3170
WAVESUSDT,BUY,LIMIT,1702036359686,280.0,2.3971
WAVESUSDT,SELL,LIMIT,1702037732302,455.1,2.3119
WAVESUSDT,BUY,LIMIT,1702038468085,658.7,2.3877
WAVESUSDT,SELL,LIMIT,1702040832295,5.3,2.3084
WAVESUSDT,SELL,LIMIT,1702042638270,184.7,2.3100
WAVESUSDT,BUY,LIMIT,1702047817106,182.1,2.4006
WAVESUSDT,BUY,LIMIT,1702051501763,22.8,2.4050
WAVESUSDT,BUY,LIMIT,1702051982594,11.5,2.4187
WAVESUSDT,BUY,LIMIT,1702053445379,29.8,2.4095
WAVESUSDT,SELL,LIMIT,1702054049280,838.5,2.3366
WAVESUSDT,SELL,LIMIT,1702055311407,224.3,2.3227
WAVESUSDT,SELL,LIMIT,1702055323106,420.1,2.3212
WAVESUSDT,SELL,LIMIT,1702057391415,194.1,2.3295
WAVESUSDT,SELL,LIMIT,1702058416318,1515.1,2.3426
WAVESUSDT,BUY,LIMIT,1702066697692,4.9,2.4279
WAVESUSDT,BUY,LIMIT,1702066710676,141.1,2.4323
WAVESUSDT,BUY,LIMIT,1702067216556,216.3,2.4333
WAVESUSDT,BUY,LIMIT,1702067590379,501.2,2.4256
WAVESUSDT,BUY,LIMIT,1702067964696,7.6,2.4369
WAVESUSDT,BUY,LIMIT,1702067971692,4.5,2.4377
WAVESUSDT,BUY,LIMIT,1702068046478,62.3,2.4416
WAVESUSDT,BUY,LIMIT,1702068897302,362.2,2.4337
WAVESUSDT,BUY,LIMIT,1702069078918,21.0,2.4379
WAVESUSDT,BUY,LIMIT,1702070611297,0.7,2.4364
WAVESUSDT,BUY,LIMIT,1702071195818,61.1,2.4434
WAVESUSDT,SELL,LIMIT,1702071815175,371.1,2.3551
WAVESUSDT,BUY,LIMIT,1702073982208,70.3,2.4526
WAVESUSDT,BUY,LIMIT,1702074086057,50.0,2.4558
WAVESUSDT,BUY,LIMIT,1702074310704,37.5,2.4600
WAVESUSDT,BUY,LIMIT,1702077775844,10.9,2.4663
WAVESUSDT,BUY,LIMIT,1702077779919,503.1,2.4677
WAVESUSDT,BUY,LIMIT,1702078173333,10.9,2.4734
WAVESUSDT,BUY,LIMIT,1702078177951,121.4,2.4794
WAVESUSDT,BUY,LIMIT,1702078962363,82.9,2.4919
WAVESUSDT,BUY,LIMIT,1702079908127,209.2,2.4961
WAVESUSDT,BUY,LIMIT,1702080139160,80.6,2.5167
WAVESUSDT,BUY,LIMIT,1702080146182,4.2,2.5188
WAVESUSDT,BUY,LIMIT,1702080152376,250.0,2.5229
WAVESUSDT,BUY,LIMIT,1702080158235,4.4,2.5240
WAVESUSDT,BUY,LIMIT,1702080163570,17.3,2.5268
WAVESUSDT,BUY,LIMIT,1702080171602,40.0,2.5302
WAVESUSDT,BUY,LIMIT,1702080199779,221.8,2.5420
WAVESUSDT,BUY,LIMIT,1702080201043,40.0,2.5435
WAVESUSDT,SELL,LIMIT,1702080245388,1416.4,2.4590
WAVESUSDT,BUY,LIMIT,1702080362306,26.6,2.5519
WAVESUSDT,BUY,LIMIT,1702080364994,64.6,2.5562
WAVESUSDT,BUY,LIMIT,1702080366104,2003.9,2.5608
WAVESUSDT,BUY,LIMIT,1702080368296,6.2,2.5643
WAVESUSDT,BUY,LIMIT,1702080371103,304.3,2.5672
WAVESUSDT,BUY,LIMIT,1702080372469,87.8,2.5716
WAVESUSDT,BUY,LIMIT,1702080385778,68.5,2.5757
WAVESUSDT,BUY,LIMIT,1702080393303,220.0,2.5828
WAVESUSDT,SELL,LIMIT,1702080527734,125.3,2.4915
WAVESUSDT,SELL,LIMIT,1702080615288,7.2,2.4817
WAVESUSDT,SELL,LIMIT,1702081146191,18.7,2.4656
WAVESUSDT,SELL,LIMIT,1702081193361,9.0,2.4618
WAVESUSDT,BUY,LIMIT,1702082048970,406.7,2.5537
WAVESUSDT,BUY,LIMIT,1702082372740,3.2,2.5643
WAVESUSDT,SELL,LIMIT,1702083088992,157.9,2.4751
WAVESUSDT,SELL,LIMIT,1702084087547,2.1,2.4293
WAVESUSDT,BUY,LIMIT,1702084556392,754.9,2.5173
WAVESUSDT,BUY,LIMIT,1702087628821,94.6,2.5066
WAVESUSDT,SELL,LIMIT,1702093359730,253.8,2.4437
WAVESUSDT,BUY,LIMIT,1702094610915,1497.0,2.5296
WAVESUSDT,BUY,LIMIT,1702094709930,209.4,2.5314
WAVESUSDT,BUY,LIMIT,1702096358528,30.4,2.5388
WAVESUSDT,BUY,LIMIT,1702098181354,608.5,2.5470
WAVESUSDT,SELL,LIMIT,1702099077679,60.0,2.4650
WAVESUSDT,BUY,LIMIT,1702102900727,332.2,2.5396
WAVESUSDT,SELL,LIMIT,1702108064081,33.9,2.4554
WAVESUSDT,SELL,LIMIT,1702108077280,25.0,2.4549
WAVESUSDT,BUY,LIMIT,1702109243756,50.5,2.5438
WAVESUSDT,BUY,LIMIT,1702109244834,52.6,2.5431
WAVESUSDT,BUY,LIMIT,1702109484757,12.9,2.5429
WAVESUSDT,SELL,LIMIT,1702110858667,19.9,2.4461
WAVESUSDT,SELL,LIMIT,1702110863966,4.0,2.4460
WAVESUSDT,SELL,LIMIT,1702110874375,275.1,2.4433
WAVESUSDT,SELL,LIMIT,1702110878999,64.0,2.4383
WAVESUSDT,SELL,LIMIT,1702110883802,884.6,2.4362
WAVESUSDT,SELL,LIMIT,1702110968990,122.3,2.4269
WAVESUSDT,SELL,LIMIT,1702110976571,301.0,2.4221
WAVESUSDT,SELL,LIMIT,1702110978138,1988.3,2.4213
WAVESUSDT,SELL,LIMIT,1702110980544,3.2,2.4198
WAVESUSDT,SELL,LIMIT,1702110982526,72.6,2.4140
WAVESUSDT,SELL,LIMIT,1702110983941,501.0,2.4116
WAVESUSDT,SELL,LIMIT,1702110991658,4.1,2.4102
WAVESUSDT,SELL,LIMIT,1702110994071,499.9,2.4099
WAVESUSDT,SELL,LIMIT,1702111033023,6.0,2.4119
WAVESUSDT,SELL,LIMIT,1702111035171,2.6,2.5057
WAVESUSDT,SELL,LIMIT,1702111036326,159.3,2.4069
WAVESUSDT,SELL,LIMIT,1702111038147,645.9,2.4037
WAVESUSDT,SELL,LIMIT,1702111040054,40.9,2.4033
WAVESUSDT,SELL,LIMIT,1702111041953,2013.0,2.4022
WAVESUSDT,SELL,LIMIT,1702111044865,1085.0,2.3945
WAVESUSDT,SELL,LIMIT,1702111375061,77.8,2.3971
WAVESUSDT,SELL,LIMIT,1702111379375,1998.8,2.3926
WAVESUSDT,SELL,LIMIT,1702111381214,448.9,2.3900
WAVESUSDT,SELL,LIMIT,1702111382535,7.8,2.3911
WAVESUSDT,SELL,LIMIT,1702111385525,3702.8,2.3770
WAVESUSDT,SELL,LIMIT,1702111387308,100.0,2.3812
WAVESUSDT,SELL,LIMIT,1702111390187,360.4,2.3780
WAVESUSDT,SELL,LIMIT,1702112085172,119.7,2.4231
WAVESUSDT,BUY,LIMIT,1702112482485,786.8,2.5106
WAVESUSDT,BUY,LIMIT,1702119454471,16.0,2.5569
WAVESUSDT,SELL,LIMIT,1702120039635,191.6,2.4709
WAVESUSDT,BUY,LIMIT,1702120346164,3.9,2.5598
WAVESUSDT,SELL,LIMIT,1702121505686,884.7,2.4782
WAVESUSDT,SELL,LIMIT,1702121628761,70.0,2.4763
WAVESUSDT,SELL,LIMIT,1702121964746,5.0,2.4590
WAVESUSDT,SELL,LIMIT,1702121978104,94.0,2.4531
WAVESUSDT,SELL,LIMIT,1702122822773,203.9,2.4487
WAVESUSDT,BUY,LIMIT,1702127688711,50.8,2.5442
WAVESUSDT,BUY,LIMIT,1702131853887,9.3,2.5568
WAVESUSDT,BUY,LIMIT,1702131896260,49.8,2.5587
WAVESUSDT,BUY,LIMIT,1702131949317,265.9,2.5588
WAVESUSDT,BUY,LIMIT,1702132115270,179.9,2.5633
WAVESUSDT,SELL,LIMIT,1702132987820,913.7,2.4501
WAVESUSDT,SELL,LIMIT,1702132996278,42.2,2.4472
WAVESUSDT,SELL,LIMIT,1702133003784,32.7,2.4417
WAVESUSDT,SELL,LIMIT,1702133004856,5.0,2.4397
WAVESUSDT,SELL,LIMIT,1702133006154,41.7,2.4388
WAVESUSDT,SELL,LIMIT,1702133008344,410.9,2.4370
WAVESUSDT,SELL,LIMIT,1702133331361,8.1,2.4376
WAVESUSDT,SELL,LIMIT,1702133332573,1043.3,2.4380
WAVESUSDT,SELL,LIMIT,1702133367244,44.2,2.4324
