Symbol,Side,Order Type,Time,Quantity,Price
WAVESUSDT,SELL,LIMIT,1700989329071,13.9,2.1089
WAVESUSDT,SELL,LIMIT,1700990891516,14.2,2.1043
WAVESUSDT,SELL,LIMIT,1700991122765,19.6,2.1000
WAVESUSDT,SELL,LIMIT,1700991195702,64.3,2.0967
WAVESUSDT,SELL,LIMIT,1701000074194,338.3,2.0956
WAVESUSDT,SELL,LIMIT,1701000660843,11.7,2.0941
WAVESUSDT,SELL,LIMIT,1701001504371,275.7,2.0898
WAVESUSDT,SELL,LIMIT,1701001510245,213.5,2.0890
WAVESUSDT,SELL,LIMIT,1701001511549,240.1,2.0886
WAVESUSDT,SELL,LIMIT,1701003710414,44.3,2.1225
WAVESUSDT,SELL,LIMIT,1701005064068,20.0,2.1105
WAVESUSDT,SELL,LIMIT,1701008440445,6.4,2.0976
WAVESUSDT,SELL,LIMIT,1701008446220,644.6,2.0930
WAVESUSDT,SELL,LIMIT,1701009282179,28.0,2.0929
WAVESUSDT,SELL,LIMIT,1701013641488,936.8,2.0962
WAVESUSDT,SELL,LIMIT,1701013685292,219.4,2.0954
WAVESUSDT,SELL,LIMIT,1701015614066,48.5,2.0788
WAVESUSDT,SELL,LIMIT,1701015616135,320.0,2.0771
WAVESUSDT,SELL,LIMIT,1701015617268,54.4,2.0765
WAVESUSDT,SELL,LIMIT,1701015635168,630.5,2.0752
WAVESUSDT,SELL,LIMIT,1701015644389,47.3,2.0691
WAVESUSDT,SELL,LIMIT,1701015649759,704.9,2.0680
WAVESUSDT,SELL,LIMIT,1701015671459,16.4,2.0646
WAVESUSDT,SELL,LIMIT,1701015674314,1740.3,2.0624
WAVESUSDT,SELL,LIMIT,1701015684296,114.6,2.0605
WAVESUSDT,SELL,LIMIT,1701015749717,376.8,2.0619
WAVESUSDT,SELL,LIMIT,1701015761084,230.4,2.0599
WAVESUSDT,SELL,LIMIT,1701016013647,75.6,2.0591
WAVESUSDT,SELL,LIMIT,1701016019312,2094.5,2.0575
WAVESUSDT,SELL,LIMIT,1701016021777,8.7,2.0561
WAVESUSDT,SELL,LIMIT,1701016030428,13.6,2.0549
WAVESUSDT,SELL,LIMIT,1701016032650,74.1,2.0528
WAVESUSDT,SELL,LIMIT,1701016034521,195.4,2.0526
WAVESUSDT,SELL,LIMIT,1701016037608,69.5,2.0506
WAVESUSDT,SELL,LIMIT,1701016040636,22.5,2.0513
WAVESUSDT,SELL,LIMIT,1701016042251,6.1,2.0495
WAVESUSDT,SELL,LIMIT,1701016043198,1754.4,2.0496
WAVESUSDT,SELL,LIMIT,1701016044145,1232.7,2.0458
WAVESUSDT,SELL,LIMIT,1701016045034,1257.1,2.0471
WAVESUSDT,SELL,LIMIT,1701016045877,694.8,2.0436
WAVESUSDT,SELL,LIMIT,1701016048428,15.6,2.0405
WAVESUSDT,SELL,LIMIT,1701016100060,164.5,2.0390
WAVESUSDT,SELL,LIMIT,1701016101177,557.6,2.0374
WAVESUSDT,SELL,LIMIT,1701016101977,1081.2,2.0371
WAVESUSDT,SELL,LIMIT,1701016103311,11.2,2.0351
WAVESUSDT,SELL,LIMIT,1701016104265,447.0,2.0356
WAVESUSDT,SELL,LIMIT,1701039911172,10.5,2.1061
WAVESUSDT,SELL,LIMIT,1701040631289,584.9,2.0987
WAVESUSDT,SELL,LIMIT,1701043528243,149.3,2.0985
WAVESUSDT,SELL,LIMIT,1701049384258,981.1,2.0954
WAVESUSDT,SELL,LIMIT,1701052655686,192.3,2.0759
WAVESUSDT,SELL,LIMIT,1701052697155,276.4,2.0741
WAVESUSDT,SELL,LIMIT,1701055656541,700.0,2.0540
WAVESUSDT,SELL,LIMIT,1701055983168,50.0,2.0522
WAVESUSDT,SELL,LIMIT,1701056034167,1000.0,2.0497
WAVESUSDT,SELL,LIMIT,1701056053415,457.6,2.0471
WAVESUSDT,SELL,LIMIT,1701056164755,50.5,2.0408
