Symbol,Side,Order Type,Time,Quantity,Price
WAVESUSDT,SELL,LIMIT,1701915454144,4.5,2.2095
WAVESUSDT,BUY,LIMIT,1701923504117,14.9,2.3080
WAVESUSDT,BUY,LIMIT,1701924215160,6.6,2.3254
WAVESUSDT,BUY,LIMIT,1701930630392,1311.4,2.3439
WAVESUSDT,SELL,LIMIT,1701931648365,163.5,2.2696
WAVESUSDT,SELL,LIMIT,1701936768989,4.3,2.2546
WAVESUSDT,SELL,LIMIT,1701936856107,155.4,2.2483
WAVESUSDT,SELL,LIMIT,1701936862984,19.1,2.2476
WAVESUSDT,SELL,LIMIT,1701936913521,24.1,2.2436
WAVESUSDT,SELL,LIMIT,1701936914724,232.4,2.2425
WAVESUSDT,SELL,LIMIT,1701936969596,1523.9,2.2422
WAVESUSDT,SELL,LIMIT,1701937297009,742.4,2.2369
WAVESUSDT,SELL,LIMIT,1701937352837,7.7,2.2311
WAVESUSDT,SELL,LIMIT,1701937824802,33.2,2.2282
WAVESUSDT,SELL,LIMIT,1701939123100,1762.8,2.2246
WAVESUSDT,SELL,LIMIT,1701939474292,1108.0,2.2190
WAVESUSDT,SELL,LIMIT,1701940555785,312.2,2.2010
WAVESUSDT,SELL,LIMIT,1701940561761,94.2,2.1976
WAVESUSDT,SELL,LIMIT,1701940563127,3257.7,2.1881
WAVESUSDT,SELL,LIMIT,1701940564461,1283.4,2.1950
WAVESUSDT,SELL,LIMIT,1701940565825,146.6,2.1942
WAVESUSDT,SELL,LIMIT,1701940568318,214.3,2.1901
WAVESUSDT,SELL,LIMIT,1701941057945,252.6,2.1888
WAVESUSDT,SELL,LIMIT,1701941074828,130.5,2.1889
WAVESUSDT,SELL,LIMIT,1701941095216,117.3,2.1869
WAVESUSDT,SELL,LIMIT,1701941109212,372.7,2.1846
WAVESUSDT,SELL,LIMIT,1701941110520,434.7,2.1840
WAVESUSDT,SELL,LIMIT,1701941150811,2145.1,2.1805
WAVESUSDT,SELL,LIMIT,1701941152094,174.4,2.1787
WAVESUSDT,SELL,LIMIT,1701941153229,73.6,2.1780
WAVESUSDT,SELL,LIMIT,1701941161888,281.2,2.1745
WAVESUSDT,SELL,LIMIT,1701941169754,4.4,2.1771
WAVESUSDT,SELL,LIMIT,1701941173992,40.6,2.1738
WAVESUSDT,SELL,LIMIT,1701941182172,351.1,2.1712
WAVESUSDT,SELL,LIMIT,1701941183674,18.7,2.1692
WAVESUSDT,SELL,LIMIT,1701941186399,78.5,2.1676
WAVESUSDT,SELL,LIMIT,1701941187474,264.7,2.1664
WAVESUSDT,SELL,LIMIT,1701941188504,174.7,2.1664
WAVESUSDT,SELL,LIMIT,1701941189736,25.4,2.1606
WAVESUSDT,SELL,LIMIT,1701941194188,164.4,2.1593
WAVESUSDT,SELL,LIMIT,1701941225558,2.3,2.2291
WAVESUSDT,SELL,LIMIT,1701941239422,239.0,2.1588
WAVESUSDT,SELL,LIMIT,1701941245131,576.4,2.1558
WAVESUSDT,SELL,LIMIT,1701941246583,2.6,2.1551
WAVESUSDT,BUY,LIMIT,1701953976590,0.1,2.2946
WAVESUSDT,SELL,LIMIT,1701954581003,441.8,2.2186
WAVESUSDT,SELL,LIMIT,1701956658289,2233.4,2.2053
WAVESUSDT,SELL,LIMIT,1701956906147,67.5,2.2031
WAVESUSDT,BUY,LIMIT,1701960999426,18.1,2.2957
WAVESUSDT,BUY,LIMIT,1701961076826,304.8,2.2978
WAVESUSDT,BUY,LIMIT,1701963688032,23.9,2.3304
WAVESUSDT,SELL,LIMIT,1701964874334,82.4,2.2452
WAVESUSDT,SELL,LIMIT,1701964901161,2181.1,2.2420
WAVESUSDT,SELL,LIMIT,1701964934164,21.3,2.2387
WAVESUSDT,BUY,LIMIT,1701966808334,2753.8,2.3596
WAVESUSDT,BUY,LIMIT,1701968724400,10.7,2.3604
WAVESUSDT,BUY,LIMIT,1701968725990,1057.5,2.3609
WAVESUSDT,BUY,LIMIT,1701969711213,61.3,2.3654
WAVESUSDT,BUY,LIMIT,1701970182052,15.7,2.3740
WAVESUSDT,SELL,LIMIT,1701970719318,511.1,2.2908
WAVESUSDT,SELL,LIMIT,1701970779483,1591.9,2.2876
WAVESUSDT,BUY,LIMIT,1701971753363,265.2,2.3614
WAVESUSDT,SELL,LIMIT,1701978153051,528.9,2.2432
WAVESUSDT,SELL,LIMIT,1701978257283,1522.0,2.2412
WAVESUSDT,BUY,LIMIT,1701979525164,1095.9,2.3261
WAVESUSDT,SELL,LIMIT,1701981623196,130.3,2.2436
WAVESUSDT,BUY,LIMIT,1701982566965,21.3,2.3263
WAVESUSDT,BUY,LIMIT,1701984528029,870.3,2.3419
WAVESUSDT,SELL,LIMIT,1701987558755,47.0,2.2693
WAVESUSDT,BUY,LIMIT,1701993718470,398.9,2.3542
WAVESUSDT,BUY,LIMIT,1702007154541,12.1,2.3553
WAVESUSDT,SELL,LIMIT,1702020530518,4.6,2.2819
WAVESUSDT,BUY,LIMIT,1702021282885,114.7,2.3834
WAVESUSDT,SELL,LIMIT,1702021877003,100.9,2.3095
WAVESUSDT,SELL,LIMIT,1702022495101,62.3,2.3016
WAVESUSDT,SELL,LIMIT,1702022548552,76.8,2.2990
WAVESUSDT,SELL,LIMIT,1702022661698,106.7,2.2967
WAVESUSDT,SELL,LIMIT,1702022831903,243.5,2.2918
WAVESUSDT,BUY,LIMIT,1702029847575,85.2,2.3905
WAVESUSDT,BUY,LIMIT,1702030224123,8.7,2.4131
WAVESUSDT,BUY,LIMIT,1702030245132,3.1,2.4154
WAVESUSDT,BUY,LIMIT,1702030251401,2150.4,2.4175
WAVESUSDT,BUY,LIMIT,1702030253850,3.2,2.4205
WAVESUSDT,SELL,LIMIT,1702030326932,40.2,2.3144
WAVESUSDT,BUY,LIMIT,1702033029892,431.8,2.3741
WAVESUSDT,BUY,LIMIT,1702034375160,2134.6,2.3703
WAVESUSDT,BUY,LIMIT,1702034888165,11.5,2.3855
WAVESUSDT,SELL,LIMIT,1702035567070,10.0,2.3170
WAVESUSDT,BUY,LIMIT,1702036359686,280.0,2.3971
WAVESUSDT,SELL,LIMIT,1702037732302,455.1,2.3119
WAVESUSDT,BUY,LIMIT,1702038468085,658.7,2.3877
WAVESUSDT,SELL,LIMIT,1702040832295,5.3,2.3084
WAVESUSDT,SELL,LIMIT,1702042638270,184.7,2.3100
WAVESUSDT,BUY,LIMIT,1702047817106,182.1,2.4006
WAVESUSDT,BUY,LIMIT,1702051501763,22.8,2.4050
WAVESUSDT,BUY,LIMIT,1702051982594,11.5,2.4187
WAVESUSDT,BUY,LIMIT,1702053445379,29.8,2.4095
WAVESUSDT,SELL,LIMIT,1702054049280,838.5,2.3366
WAVESUSDT,SELL,LIMIT,1702055311407,224.3,2.3227
WAVESUSDT,SELL,LIMIT,1702055323106,420.1,2.3212
WAVESUSDT,SELL,LIMIT,1702057391415,194.1,2.3295
WAVESUSDT,SELL,LIMIT,1702058416318,1515.1,2.3426
WAVESUSDT,BUY,LIMIT,1702066697692,4.9,2.4279
WAVESUSDT,BUY,LIMIT,1702066710676,141.1,2.4323
WAVESUSDT,BUY,LIMIT,1702067216556,216.3,2.4333
WAVESUSDT,BUY,LIMIT,1702067590379,501.2,2.4256
WAVESUSDT,BUY,LIMIT,1702067964696,7.6,2.4369
WAVESUSDT,BUY,LIMIT,1702067971692,4.5,2.4377
WAVESUSDT,BUY,LIMIT,1702068046478,62.3,2.4416
WAVESUSDT,BUY,LIMIT,1702068897302,362.2,2.4337
WAVESUSDT,BUY,LIMIT,1702069078918,21.0,2.4379
WAVESUSDT,BUY,LIMIT,1702070611297,0.7,2.4364
WAVESUSDT,BUY,LIMIT,1702071195818,61.1,2.4434
WAVESUSDT,SELL,LIMIT,1702071815175,371.1,2.3551
WAVESUSDT,BUY,LIMIT,1702073982208,70.3,2.4526
WAVESUSDT,BUY,LIMIT,1702074086057,50.0,2.4558
WAVESUSDT,BUY,LIMIT,1702074310704,37.5,2.4600
WAVESUSDT,BUY,LIMIT,1702077775844,10.9,2.4663
WAVESUSDT,BUY,LIMIT,1702077779919,503.1,2.4677
WAVESUSDT,BUY,LIMIT,1702078173333,10.9,2.4734
WAVESUSDT,BUY,LIMIT,1702078177951,121.4,2.4794
WAVESUSDT,BUY,LIMIT,1702078962363,82.9,2.4919
WAVESUSDT,BUY,LIMIT,1702079908127,209.2,2.4961
WAVESUSDT,BUY,LIMIT,1702080139160,80.6,2.5167
WAVESUSDT,BUY,LIMIT,1702080146182,4.2,2.5188
WAVESUSDT,BUY,LIMIT,1702080152376,250.0,2.5229
WAVESUSDT,BUY,LIMIT,1702080158235,4.4,2.5240
WAVESUSDT,BUY,LIMIT,1702080163570,17.3,2.5268
WAVESUSDT,BUY,LIMIT,1702080171602,40.0,2.5302
WAVESUSDT,BUY,LIMIT,1702080199779,221.8,2.5420
WAVESUSDT,BUY,LIMIT,1702080201043,40.0,2.5435
WAVESUSDT,SELL,LIMIT,1702080245388,1416.4,2.4590
WAVESUSDT,BUY,LIMIT,1702080362306,26.6,2.5519
WAVESUSDT,BUY,LIMIT,1702080364994,64.6,2.5562
WAVESUSDT,BUY,LIMIT,1702080366104,2003.9,2.5608
WAVESUSDT,BUY,LIMIT,1702080368296,6.2,2.5643
WAVESUSDT,BUY,LIMIT,1702080371103,304.3,2.5672
WAVESUSDT,BUY,LIMIT,1702080372469,87.8,2.5716
WAVESUSDT,BUY,LIMIT,1702080385778,68.5,2.5757
WAVESUSDT,BUY,LIMIT,1702080393303,220.0,2.5828
WAVESUSDT,SELL,LIMIT,1702080527734,125.3,2.4915
WAVESUSDT,SELL,LIMIT,1702080615288,7.2,2.4817
WAVESUSDT,SELL,LIMIT,1702081146191,18.7,2.4656
WAVESUSDT,SELL,LIMIT,1702081193361,9.0,2.4618
WAVESUSDT,BUY,LIMIT,1702082048970,406.7,2.5537
WAVESUSDT,BUY,LIMIT,1702082372740,3.2,2.5643
WAVESUSDT,SELL,LIMIT,1702083088992,157.9,2.4751
WAVESUSDT,SELL,LIMIT,1702084087547,2.1,2.4293
WAVESUSDT,BUY,LIMIT,1702084556392,754.9,2.5173
WAVESUSDT,BUY,LIMIT,1702087628821,94.6,2.5066
WAVESUSDT,SELL,LIMIT,1702093359730,253.8,2.4437
WAVESUSDT,BUY,LIMIT,1702094610915,1497.0,2.5296
WAVESUSDT,BUY,LIMIT,1702094709930,209.4,2.5314
WAVESUSDT,BUY,LIMIT,1702096358528,30.4,2.5388
WAVESUSDT,BUY,LIMIT,1702098181354,608.5,2.5470
WAVESUSDT,SELL,LIMIT,1702099077679,60.0,2.4650
WAVESUSDT,BUY,LIMIT,1702102900727,332.2,2.5396
WAVESUSDT,SELL,LIMIT,1702108064081,33.9,2.4554
WAVESUSDT,SELL,LIMIT,1702108077280,25.0,2.4549
WAVESUSDT,BUY,LIMIT,1702109243756,50.5,2.5438
WAVESUSDT,BUY,LIMIT,1702109244834,52.6,2.5431
WAVESUSDT,BUY,LIMIT,1702109484757,12.9,2.5429
WAVESUSDT,SELL,LIMIT,1702110858667,19.9,2.4461
WAVESUSDT,SELL,LIMIT,1702110863966,4.0,2.4460
WAVESUSDT,SELL,LIMIT,1702110874375,275.1,2.4433
WAVESUSDT,SELL,LIMIT,1702110878999,64.0,2.4383
WAVESUSDT,SELL,LIMIT,1702110883802,884.6,2.4362
WAVESUSDT,SELL,LIMIT,1702110968990,122.3,2.4269
WAVESUSDT,SELL,LIMIT,1702110976571,301.0,2.4221
WAVESUSDT,SELL,LIMIT,1702110978138,1988.3,2.4213
WAVESUSDT,SELL,LIMIT,1702110980544,3.2,2.4198
WAVESUSDT,SELL,LIMIT,1702110982526,72.6,2.4140
WAVESUSDT,SELL,LIMIT,1702110983941,501.0,2.4116
WAVESUSDT,SELL,LIMIT,1702110991658,4.1,2.4102
WAVESUSDT,SELL,LIMIT,1702110994071,499.9,2.4099
WAVESUSDT,SELL,LIMIT,1702111033023,6.0,2.4119
WAVESUSDT,SELL,LIMIT,1702111035171,2.6,2.5057
WAVESUSDT,SELL,LIMIT,1702111036326,159.3,2.4069
WAVESUSDT,SELL,LIMIT,1702111038147,645.9,2.4037
WAVESUSDT,SELL,LIMIT,1702111040054,40.9,2.4033
WAVESUSDT,SELL,LIMIT,1702111041953,2013.0,2.4022
WAVESUSDT,SELL,LIMIT,1702111044865,1085.0,2.3945
WAVESUSDT,SELL,LIMIT,1702111375061,77.8,2.3971
WAVESUSDT,SELL,LIMIT,1702111379375,1998.8,2.3926
WAVESUSDT,SELL,LIMIT,1702111381214,448.9,2.3900
WAVESUSDT,SELL,LIMIT,1702111382535,7.8,2.3911
WAVESUSDT,SELL,LIMIT,1702111385525,3702.8,2.3770
WAVESUSDT,SELL,LIMIT,1702111387308,100.0,2.3812
WAVESUSDT,SELL,LIMIT,1702111390187,360.4,2.3780
WAVESUSDT,SELL,LIMIT,1702112085172,119.7,2.4231
WAVESUSDT,BUY,LIMIT,1702112482485,786.8,2.5106
WAVESUSDT,BUY,LIMIT,1702119454471,16.0,2.5569
WAVESUSDT,SELL,LIMIT,1702120039635,191.6,2.4709
WAVESUSDT,BUY,LIMIT,1702120346164,3.9,2.5598
WAVESUSDT,SELL,LIMIT,1702121505686,884.7,2.4782
WAVESUSDT,SELL,LIMIT,1702121628761,70.0,2.4763
WAVESUSDT,SELL,LIMIT,1702121964746,5.0,2.4590
WAVESUSDT,SELL,LIMIT,1702121978104,94.0,2.4531
WAVESUSDT,SELL,LIMIT,1702122822773,203.9,2.4487
WAVESUSDT,BUY,LIMIT,1702127688711,50.8,2.5442
WAVESUSDT,BUY,LIMIT,1702131853887,9.3,2.5568
WAVESUSDT,BUY,LIMIT,1702131896260,49.8,2.5587
WAVESUSDT,BUY,LIMIT,1702131949317,265.9,2.5588
WAVESUSDT,BUY,LIMIT,1702132115270,179.9,2.5633
WAVESUSDT,SELL,LIMIT,1702132987820,913.7,2.4501
WAVESUSDT,SELL,LIMIT,1702132996278,42.2,2.4472
WAVESUSDT,SELL,LIMIT,1702133003784,32.7,2.4417
WAVESUSDT,SELL,LIMIT,1702133004856,5.0,2.4397
WAVESUSDT,SELL,LIMIT,1702133006154,41.7,2.4388
WAVESUSDT,SELL,LIMIT,1702133008344,410.9,2.4370
WAVESUSDT,SELL,LIMIT,1702133331361,8.1,2.4376
WAVESUSDT,SELL,LIMIT,1702133332573,1043.3,2.4380
WAVESUSDT,SELL,LIMIT,1702133367244,44.2,2.4324
WAVESUSDT,BUY,LIMIT,1702133870184,1514.1,2.5326
WAVESUSDT,SELL,LIMIT,1702134348371,202.2,2.4472
WAVESUSDT,SELL,LIMIT,1702134505116,30.0,2.4354
WAVESUSDT,SELL,LIMIT,1702134513617,19.7,2.4339
WAVESUSDT,SELL,LIMIT,1702134885199,1991.4,2.4271
WAVESUSDT,SELL,LIMIT,1702134888915,7.9,2.4268
WAVESUSDT,BUY,LIMIT,1702139265388,85.3,2.4889
WAVESUSDT,SELL,LIMIT,1702139274207,92.1,2.4450
WAVESUSDT,SELL,LIMIT,1702139295160,79.8,2.4391
WAVESUSDT,SELL,LIMIT,1702139296554,44.7,2.4377
WAVESUSDT,SELL,LIMIT,1702140782144,109.9,2.4540
WAVESUSDT,SELL,LIMIT,1702141551571,188.1,2.4420
WAVESUSDT,SELL,LIMIT,1702141643249,71.0,2.4360
WAVESUSDT,SELL,LIMIT,1702141698280,10.0,2.4318
WAVESUSDT,SELL,LIMIT,1702141700591,24.0,2.4309
WAVESUSDT,SELL,LIMIT,1702141790615,395.4,2.4249
WAVESUSDT,SELL,LIMIT,1702141794467,3.7,2.4239
WAVESUSDT,SELL,LIMIT,1702141848507,395.2,2.4205
WAVESUSDT,SELL,LIMIT,1702141851345,123.0,2.4191
WAVESUSDT,SELL,LIMIT,1702141852651,598.4,2.4179
WAVESUSDT,SELL,LIMIT,1702144257638,231.1,2.4387
WAVESUSDT,SELL,LIMIT,1702144761385,7.4,2.4383
WAVESUSDT,BUY,LIMIT,1702145258423,54.7,2.5184
WAVESUSDT,BUY,LIMIT,1702145315092,366.2,2.5221
WAVESUSDT,SELL,LIMIT,1702151542192,91.9,2.4517
WAVESUSDT,SELL,LIMIT,1702151548062,2.3,2.4512
WAVESUSDT,SELL,LIMIT,1702152886062,142.5,2.4458
WAVESUSDT,SELL,LIMIT,1702153017138,359.8,2.4360
WAVESUSDT,SELL,LIMIT,1702153867175,529.0,2.4310
WAVESUSDT,SELL,LIMIT,1702156368758,57.6,2.4290
WAVESUSDT,SELL,LIMIT,1702160382169,25.2,2.4731
WAVESUSDT,SELL,LIMIT,1702162357456,10.0,2.4758
WAVESUSDT,SELL,LIMIT,1702162539498,92.6,2.4579
WAVESUSDT,SELL,LIMIT,1702162590296,26.5,2.4513
WAVESUSDT,SELL,LIMIT,1702164213050,6.7,2.4752
WAVESUSDT,SELL,LIMIT,1702164544459,85.8,2.4511
WAVESUSDT,SELL,LIMIT,1702164747320,12.4,2.4375
WAVESUSDT,SELL,LIMIT,1702164750839,2009.6,2.4344
WAVESUSDT,SELL,LIMIT,1702164752428,49.5,2.4333
WAVESUSDT,SELL,LIMIT,1702164797453,38.9,2.4292
WAVESUSDT,SELL,LIMIT,1702164800582,150.0,2.4297
WAVESUSDT,SELL,LIMIT,1702164801730,66.5,2.4240
WAVESUSDT,SELL,LIMIT,1702164803168,7.9,2.4235
WAVESUSDT,SELL,LIMIT,1702164805301,1516.2,2.4220
WAVESUSDT,SELL,LIMIT,1702164806496,64.1,2.4230
WAVESUSDT,SELL,LIMIT,1702164809685,303.0,2.4258
WAVESUSDT,SELL,LIMIT,1702164811417,798.8,2.4155
WAVESUSDT,SELL,LIMIT,1702164869142,145.0,2.4129
WAVESUSDT,BUY,LIMIT,1702168750161,1896.0,2.5489
WAVESUSDT,BUY,LIMIT,1702168809488,366.8,2.5590
WAVESUSDT,BUY,LIMIT,1702168853049,661.7,2.5689
WAVESUSDT,BUY,LIMIT,1702168873681,39.7,2.5714
WAVESUSDT,BUY,LIMIT,1702168875958,41.4,2.5726
WAVESUSDT,BUY,LIMIT,1702168908805,8.1,2.5852
WAVESUSDT,BUY,LIMIT,1702168918815,40.1,2.5912
WAVESUSDT,SELL,LIMIT,1702168952073,1760.1,2.5060
WAVESUSDT,SELL,LIMIT,1702168953526,1954.2,2.5036
WAVESUSDT,SELL,LIMIT,1702168995441,319.8,2.4974
WAVESUSDT,BUY,LIMIT,1702169745515,52.7,2.5983
WAVESUSDT,BUY,LIMIT,1702169761161,13.0,2.5996
WAVESUSDT,SELL,LIMIT,1702174068104,129.9,2.4757
WAVESUSDT,SELL,LIMIT,1702174366280,79.8,2.4696
WAVESUSDT,SELL,LIMIT,1702174469211,550.6,2.4663
WAVESUSDT,SELL,LIMIT,1702176564320,8.3,2.4563
WAVESUSDT,BUY,LIMIT,1702184346388,10.5,2.5649
WAVESUSDT,SELL,LIMIT,1702187850488,10.5,2.4792
WAVESUSDT,SELL,LIMIT,1702188104250,1939.8,2.4739
WAVESUSDT,SELL,LIMIT,1702188551927,397.8,2.4705
WAVESUSDT,SELL,LIMIT,1702190391934,172.5,2.4500
WAVESUSDT,SELL,LIMIT,1702191954201,2003.3,2.4453
WAVESUSDT,SELL,LIMIT,1702192747293,2005.3,2.4424
WAVESUSDT,SELL,LIMIT,1702192764890,3.9,2.4425
WAVESUSDT,SELL,LIMIT,1702192877796,6.3,2.4387
WAVESUSDT,SELL,LIMIT,1702193850431,3.3,2.4338
WAVESUSDT,SELL,LIMIT,1702193859030,187.9,2.4330
WAVESUSDT,SELL,LIMIT,1702193924295,172.8,2.4293
WAVESUSDT,SELL,LIMIT,1702193935199,1059.1,2.4279
WAVESUSDT,SELL,LIMIT,1702196674357,143.9,2.4201
WAVESUSDT,SELL,LIMIT,1702196714914,382.7,2.4182
WAVESUSDT,SELL,LIMIT,1702197085644,195.8,2.4135
WAVESUSDT,SELL,LIMIT,1702197088220,171.4,2.4125
WAVESUSDT,SELL,LIMIT,1702197090362,5.0,2.4118
WAVESUSDT,SELL,LIMIT,1702200204473,375.3,2.4069
WAVESUSDT,SELL,LIMIT,1702200207480,2035.5,2.4063
WAVESUSDT,SELL,LIMIT,1702200213251,119.4,2.4050
WAVESUSDT,SELL,LIMIT,1702200224752,1453.0,2.4036
WAVESUSDT,SELL,LIMIT,1702200503443,29.5,2.3958
WAVESUSDT,SELL,LIMIT,1702200519166,1986.0,2.3930
WAVESUSDT,SELL,LIMIT,1702200520400,94.7,2.3941
WAVESUSDT,SELL,LIMIT,1702200648289,4.0,2.3936
WAVESUSDT,SELL,LIMIT,1702200757070,123.8,2.3901
WAVESUSDT,SELL,LIMIT,1702200758575,355.0,2.3902
WAVESUSDT,SELL,LIMIT,1702200761750,199.4,2.3891
WAVESUSDT,SELL,LIMIT,1702200763878,8.0,2.3883
WAVESUSDT,SELL,LIMIT,1702200870202,14.4,2.3866
WAVESUSDT,SELL,LIMIT,1702200871298,135.6,2.3843
WAVESUSDT,SELL,LIMIT,1702200877098,1024.0,2.3833
WAVESUSDT,SELL,LIMIT,1702200889127,494.3,2.3803
WAVESUSDT,SELL,LIMIT,1702200890287,11.4,2.3791
WAVESUSDT,SELL,LIMIT,1702200891342,50.0,2.3799
WAVESUSDT,SELL,LIMIT,1702200930050,48.2,2.3802
WAVESUSDT,SELL,LIMIT,1702200938025,15.7,2.3770
WAVESUSDT,SELL,LIMIT,1702201475250,386.4,2.3707
WAVESUSDT,SELL,LIMIT,1702201480120,1326.5,2.3689
WAVESUSDT,SELL,LIMIT,1702202078571,184.9,2.3761
WAVESUSDT,SELL,LIMIT,1702202085200,222.8,2.3735
WAVESUSDT,SELL,LIMIT,1702202261559,2.0,2.3689
WAVESUSDT,SELL,LIMIT,1702202267739,20.2,2.3656
WAVESUSDT,SELL,LIMIT,1702202289886,241.7,2.3649
WAVESUSDT,SELL,LIMIT,1702202291314,1067.5,2.3632
WAVESUSDT,SELL,LIMIT,1702202292647,13.6,2.3623
WAVESUSDT,SELL,LIMIT,1702202295346,2007.8,2.3611
WAVESUSDT,SELL,LIMIT,1702202318198,329.6,2.3593
WAVESUSDT,SELL,LIMIT,1702202322507,8457.4,2.3380
WAVESUSDT,SELL,LIMIT,1702202323569,161.2,2.3575
WAVESUSDT,SELL,LIMIT,1702202325107,12.4,2.3516
WAVESUSDT,SELL,LIMIT,1702202326188,505.1,2.3521
WAVESUSDT,SELL,LIMIT,1702202380131,70.9,2.3478
WAVESUSDT,SELL,LIMIT,1702202386657,29.7,2.3463
WAVESUSDT,SELL,LIMIT,1702202404201,20039.5,2.3243
WAVESUSDT,SELL,LIMIT,1702202405208,2000.0,2.3442
WAVESUSDT,SELL,LIMIT,1702202406225,7958.6,2.3265
WAVESUSDT,SELL,LIMIT,1702202408726,72.1,2.3437
WAVESUSDT,BUY,LIMIT,1702210752391,2058.3,2.4921
WAVESUSDT,SELL,LIMIT,1702214491351,243.9,2.4112
WAVESUSDT,SELL,LIMIT,1702216420537,2075.2,2.4065
WAVESUSDT,SELL,LIMIT,1702218195356,18.9,2.4058
WAVESUSDT,SELL,LIMIT,1702218343180,117.7,2.4006
WAVESUSDT,SELL,LIMIT,1702225413433,222.2,2.4029
WAVESUSDT,SELL,LIMIT,1702229296616,388.2,2.3869
WAVESUSDT,SELL,LIMIT,1702229300126,124.2,2.3839
WAVESUSDT,SELL,LIMIT,1702239873136,431.8,2.4185
WAVESUSDT,BUY,LIMIT,1702240753492,1105.2,2.5004
WAVESUSDT,BUY,LIMIT,1702241037871,9.0,2.5050
WAVESUSDT,BUY,LIMIT,1702241346357,50.0,2.5032
WAVESUSDT,SELL,LIMIT,1702241623649,398.3,2.4359
WAVESUSDT,SELL,LIMIT,1702245668173,6.3,2.4191
WAVESUSDT,SELL,LIMIT,1702245683910,387.0,2.4171
WAVESUSDT,SELL,LIMIT,1702250106100,9.6,2.4199
WAVESUSDT,SELL,LIMIT,1702250253736,54.6,2.4131
WAVESUSDT,SELL,LIMIT,1702255574095,9.2,2.4033
WAVESUSDT,SELL,LIMIT,1702256096443,338.8,2.3978
WAVESUSDT,SELL,LIMIT,1702256122076,281.4,2.3972
WAVESUSDT,SELL,LIMIT,1702256426103,2041.7,2.3924
WAVESUSDT,SELL,LIMIT,1702256493196,2042.7,2.3851
WAVESUSDT,SELL,LIMIT,1702256495201,587.4,2.3850
WAVESUSDT,SELL,LIMIT,1702256509308,348.2,2.3839
WAVESUSDT,SELL,LIMIT,1702256620300,203.8,2.3740
WAVESUSDT,SELL,LIMIT,1702256907229,61.3,2.3719
WAVESUSDT,SELL,LIMIT,1702256910682,370.1,2.3678
WAVESUSDT,SELL,LIMIT,1702256914693,1087.2,2.3618
WAVESUSDT,SELL,LIMIT,1702256917412,155.7,2.3613
WAVESUSDT,SELL,LIMIT,1702256978117,253.0,2.3602
WAVESUSDT,SELL,LIMIT,1702256993797,401.1,2.3591
WAVESUSDT,SELL,LIMIT,1702256994863,2.1,2.3583
WAVESUSDT,SELL,LIMIT,1702256997878,4.3,2.3567
WAVESUSDT,SELL,LIMIT,1702257008173,119.9,2.3561
WAVESUSDT,SELL,LIMIT,1702257009223,2.2,2.3556
WAVESUSDT,SELL,LIMIT,1702260284237,102.5,2.3708
WAVESUSDT,SELL,LIMIT,1702260432113,29.1,2.3572
WAVESUSDT,SELL,LIMIT,1702260434518,816.8,2.3549
WAVESUSDT,SELL,LIMIT,1702260435532,202.6,2.3552
WAVESUSDT,SELL,LIMIT,1702260437013,427.8,2.3523
WAVESUSDT,SELL,LIMIT,1702260438536,32.3,2.3508
WAVESUSDT,SELL,LIMIT,1702260439933,40.1,2.3495
WAVESUSDT,SELL,LIMIT,1702260440956,49.7,2.3494
WAVESUSDT,SELL,LIMIT,1702260617275,177.8,2.3471
WAVESUSDT,SELL,LIMIT,1702260621263,136.6,2.3452
WAVESUSDT,SELL,LIMIT,1702260623731,64.9,2.3438
WAVESUSDT,SELL,LIMIT,1702260628316,286.3,2.3420
WAVESUSDT,SELL,LIMIT,1702260629744,15.0,2.3392
WAVESUSDT,SELL,LIMIT,1702260631456,20.8,2.3348
WAVESUSDT,SELL,LIMIT,1702260634564,200.0,2.3345
WAVESUSDT,SELL,LIMIT,1702260636323,24.3,2.3299
WAVESUSDT,SELL,LIMIT,1702260637375,35.9,2.3292
WAVESUSDT,SELL,LIMIT,1702260687435,1061.7,2.3317
WAVESUSDT,SELL,LIMIT,1702260690379,79.4,2.3288
WAVESUSDT,SELL,LIMIT,1702260695301,280.6,2.3278
WAVESUSDT,SELL,LIMIT,1702260696409,103.8,2.3283
WAVESUSDT,SELL,LIMIT,1702260697428,91.9,2.3266
WAVESUSDT,SELL,LIMIT,1702260698546,2024.8,2.3228
WAVESUSDT,SELL,LIMIT,1702260700618,72.1,2.3203
WAVESUSDT,SELL,LIMIT,1702260704946,351.0,2.3199
WAVESUSDT,SELL,LIMIT,1702260706589,15.7,2.3155
WAVESUSDT,SELL,LIMIT,1702260708172,20.2,2.3130
WAVESUSDT,SELL,LIMIT,1702260709243,19.3,2.3250
WAVESUSDT,SELL,LIMIT,1702260710288,2.4,2.3025
WAVESUSDT,SELL,LIMIT,1702260711392,2.2,2.3109
WAVESUSDT,SELL,LIMIT,1702260713134,149.8,2.3024
WAVESUSDT,SELL,LIMIT,1702260714172,200.1,2.2982
WAVESUSDT,SELL,LIMIT,1702260715444,160.3,2.2936
WAVESUSDT,SELL,LIMIT,1702260716563,29.3,2.2937
WAVESUSDT,SELL,LIMIT,1702260717561,418.7,2.2883
WAVESUSDT,SELL,LIMIT,1702260718696,338.6,2.2880
WAVESUSDT,SELL,LIMIT,1702260719792,20121.3,2.2661
WAVESUSDT,SELL,LIMIT,1702260721427,505.0,2.2882
WAVESUSDT,SELL,LIMIT,1702260722520,8.0,2.2843
WAVESUSDT,SELL,LIMIT,1702260723645,12.9,2.2839
WAVESUSDT,SELL,LIMIT,1702260724954,6.2,2.2794
WAVESUSDT,SELL,LIMIT,1702260726731,1000.0,2.2792
WAVESUSDT,SELL,LIMIT,1702260727790,52.6,2.2746
WAVESUSDT,SELL,LIMIT,1702260729622,813.3,2.2792
WAVESUSDT,SELL,LIMIT,1702260730635,483.1,2.2685
WAVESUSDT,SELL,LIMIT,1702260731679,3.9,2.2703
WAVESUSDT,SELL,LIMIT,1702260732779,24.6,2.2664
WAVESUSDT,SELL,LIMIT,1702260735488,0.2,2.2656
WAVESUSDT,SELL,LIMIT,1702260736618,19.8,2.2623
WAVESUSDT,SELL,LIMIT,1702260737626,141.4,2.2725
WAVESUSDT,SELL,LIMIT,1702260739012,88.0,2.2609
WAVESUSDT,SELL,LIMIT,1702260740791,86.7,2.2579
WAVESUSDT,SELL,LIMIT,1702260741840,57.9,2.2571
WAVESUSDT,SELL,LIMIT,1702260743092,694.9,2.2560
WAVESUSDT,SELL,LIMIT,1702260744216,40.0,2.2496
WAVESUSDT,SELL,LIMIT,1702260745310,44.6,2.2438
WAVESUSDT,SELL,LIMIT,1702260746419,7222.2,2.2259
WAVESUSDT,SELL,LIMIT,1702260747703,41.1,2.2384
WAVESUSDT,SELL,LIMIT,1702260748938,49.2,2.2384
WAVESUSDT,SELL,LIMIT,1702260750051,2.6,2.2339
WAVESUSDT,SELL,LIMIT,1702260751095,58.9,2.2328
WAVESUSDT,SELL,LIMIT,1702260752208,2030.5,2.2278
WAVESUSDT,SELL,LIMIT,1702260753361,476.3,2.2237
WAVESUSDT,SELL,LIMIT,1702260754390,42.9,2.2208
WAVESUSDT,SELL,LIMIT,1702260755744,2.2,2.2197
WAVESUSDT,SELL,LIMIT,1702260756970,77.6,2.2131
WAVESUSDT,SELL,LIMIT,1702260758500,100.3,2.2036
WAVESUSDT,SELL,LIMIT,1702260759512,527.4,2.2030
WAVESUSDT,SELL,LIMIT,1702260760518,78.9,2.1994
WAVESUSDT,SELL,LIMIT,1702260762596,2.0,2.2009
WAVESUSDT,SELL,LIMIT,1702260763643,111.2,2.2079
WAVESUSDT,SELL,LIMIT,1702260764755,2.0,2.2054
WAVESUSDT,SELL,LIMIT,1702260765794,5.2,2.1916
WAVESUSDT,SELL,LIMIT,1702260766870,182.5,2.1849
WAVESUSDT,SELL,LIMIT,1702260767883,2.0,2.1853
WAVESUSDT,SELL,LIMIT,1702260768935,22.7,2.1853
WAVESUSDT,SELL,LIMIT,1702260769921,155.6,2.1734
WAVESUSDT,SELL,LIMIT,1702260771053,90.1,2.1815
WAVESUSDT,SELL,LIMIT,1702260772064,1562.8,2.1693
WAVESUSDT,SELL,LIMIT,1702260773145,6532.1,2.1516
WAVESUSDT,SELL,LIMIT,1702260774399,7.1,2.1597
WAVESUSDT,SELL,LIMIT,1702260775452,30.2,2.1642
WAVESUSDT,SELL,LIMIT,1702260776654,1357.2,2.1573
WAVESUSDT,SELL,LIMIT,1702260777661,274.8,2.1429
WAVESUSDT,SELL,LIMIT,1702260778714,1548.4,2.1422
WAVESUSDT,SELL,LIMIT,1702260779969,23.4,2.1416
WAVESUSDT,SELL,LIMIT,1702260781234,208.7,2.1541
WAVESUSDT,SELL,LIMIT,1702260782626,3.9,2.1367
WAVESUSDT,SELL,LIMIT,1702260783659,12.6,2.1272
WAVESUSDT,SELL,LIMIT,1702260784675,20.0,2.1272
WAVESUSDT,SELL,LIMIT,1702260785788,185.6,2.1269
WAVESUSDT,SELL,LIMIT,1702260787140,125.5,2.1329
WAVESUSDT,SELL,LIMIT,1702260788379,79.1,2.1203
WAVESUSDT,SELL,LIMIT,1702260789458,401.9,2.1223
WAVESUSDT,SELL,LIMIT,1702260790466,51.4,2.1074
WAVESUSDT,SELL,LIMIT,1702260791504,5144.8,2.0984
WAVESUSDT,SELL,LIMIT,1702260792528,51.5,2.1093
WAVESUSDT,SELL,LIMIT,1702260793616,549.3,2.1027
WAVESUSDT,SELL,LIMIT,1702260794720,2.5,2.1074
WAVESUSDT,SELL,LIMIT,1702260795723,3.5,2.1000
WAVESUSDT,SELL,LIMIT,1702260796897,3.3,2.0930
WAVESUSDT,SELL,LIMIT,1702260798057,318.4,2.0923
WAVESUSDT,SELL,LIMIT,1702260799277,145.4,2.0909
WAVESUSDT,SELL,LIMIT,1702260800477,52.0,2.0903
WAVESUSDT,SELL,LIMIT,1702260801559,682.5,2.0870
WAVESUSDT,SELL,LIMIT,1702260802605,42.3,2.0887
WAVESUSDT,SELL,LIMIT,1702260803691,2.4,2.0835
WAVESUSDT,SELL,LIMIT,1702260804729,19.0,2.0820
WAVESUSDT,SELL,LIMIT,1702260805872,395.3,2.0848
WAVESUSDT,SELL,LIMIT,1702260806900,83.2,2.0812
WAVESUSDT,SELL,LIMIT,1702260807906,2.3,2.0800
WAVESUSDT,SELL,LIMIT,1702260808946,814.4,2.0727
WAVESUSDT,SELL,LIMIT,1702260809951,40.3,2.0727
WAVESUSDT,SELL,LIMIT,1702260810959,21.7,2.0705
WAVESUSDT,SELL,LIMIT,1702260812082,2059.7,2.0693
WAVESUSDT,SELL,LIMIT,1702260813418,12.6,2.0723
WAVESUSDT,SELL,LIMIT,1702260815015,97.2,2.0741
WAVESUSDT,SELL,LIMIT,1702260816064,9.4,2.0710
WAVESUSDT,SELL,LIMIT,1702260817115,199.3,2.0756
WAVESUSDT,SELL,LIMIT,1702260818147,3.4,2.0748
WAVESUSDT,SELL,LIMIT,1702260819329,500.0,2.0808
WAVESUSDT,SELL,LIMIT,1702260821094,2708.3,2.0785
WAVESUSDT,BUY,LIMIT,1702260861356,6.2,2.2049
WAVESUSDT,BUY,LIMIT,1702260874336,10.0,2.2197
WAVESUSDT,BUY,LIMIT,1702260957779,306.4,2.2644
WAVESUSDT,SELL,LIMIT,1702260977314,243.1,2.1847
WAVESUSDT,BUY,LIMIT,1702261328716,133.2,2.2958
WAVESUSDT,BUY,LIMIT,1702261832228,11.4,2.3104
WAVESUSDT,SELL,LIMIT,1702262615562,52.0,2.2047
WAVESUSDT,SELL,LIMIT,1702265724235,2.1,2.2600
