Symbol,Side,Order Type,Time,Quantity,Price
WLDUSDT,BUY,LIMIT,1701066835000,7,2.6892323
WLDUSDT,SELL,LIMIT,1701066974271,4,2.7134177
WLDUSDT,BUY,LIMIT,1701067030418,77,2.6934910
WLDUSDT,BUY,LIMIT,1701067040112,238,2.6959021
WLDUSDT,BUY,LIMIT,1701067042203,33,2.6983317
WLDUSDT,BUY,LIMIT,1701067543965,211,2.6842898
WLDUSDT,SELL,LIMIT,1701067552201,76,2.6340843
WLDUSDT,BUY,LIMIT,1701067749029,55,2.6719515
WLDUSDT,SELL,LIMIT,1701067819150,3,2.6340931
WLDUSDT,SELL,LIMIT,1701067839248,3,2.6282521
WLDUSDT,SELL,LIMIT,1701067864590,5,2.6235001
WLDUSDT,SELL,LIMIT,1701068075195,8,2.6218960
WLDUSDT,SELL,LIMIT,1701068171176,1514,2.6109299
WLDUSDT,SELL,LIMIT,1701068264846,33,2.6076950
WLDUSDT,SELL,LIMIT,1701068266923,2,2.6026271
WLDUSDT,SELL,LIMIT,1701068277003,37,2.6000442
WLDUSDT,SELL,LIMIT,1701068284342,48,2.5973274
WLDUSDT,SELL,LIMIT,1701068286128,28,2.5969041
WLDUSDT,SELL,LIMIT,1701068304336,6,2.5907723
WLDUSDT,SELL,LIMIT,1701068329832,100,2.6022340
WLDUSDT,BUY,LIMIT,1701068943925,102,2.5372812
WLDUSDT,SELL,LIMIT,1701068996648,215,2.6514665
WLDUSDT,SELL,LIMIT,1701069633633,20,2.6221999
WLDUSDT,SELL,LIMIT,1701069637974,45,2.6187481
WLDUSDT,SELL,LIMIT,1701069803739,20,2.6368255
WLDUSDT,SELL,LIMIT,1701069805727,155,2.6412047
WLDUSDT,SELL,LIMIT,1701069808149,2,2.6329866
WLDUSDT,SELL,LIMIT,1701069831963,74,2.6285179
WLDUSDT,SELL,LIMIT,1701069899901,136,2.6197534
WLDUSDT,SELL,LIMIT,1701070055680,72,2.6110480
WLDUSDT,SELL,LIMIT,1701070146018,460,2.6015221
WLDUSDT,SELL,LIMIT,1701070174915,225,2.5983780
WLDUSDT,SELL,LIMIT,1701070354293,21,2.6415212
WLDUSDT,SELL,LIMIT,1701070440952,506,2.5959084
WLDUSDT,BUY,LIMIT,1701071208975,447,2.6919606
WLDUSDT,BUY,LIMIT,1701071268896,100,2.6984760
WLDUSDT,BUY,LIMIT,1701071286205,19,2.7057697
WLDUSDT,BUY,LIMIT,1701071289990,405,2.7089202
WLDUSDT,BUY,LIMIT,1701071291134,479,2.7103369
WLDUSDT,BUY,LIMIT,1701071329158,7,2.7160230
WLDUSDT,BUY,LIMIT,1701071331352,13,2.7187883
WLDUSDT,BUY,LIMIT,1701071332634,5,2.7197034
WLDUSDT,BUY,LIMIT,1701071614275,5948,2.7395038
WLDUSDT,BUY,LIMIT,1701071688628,50,2.7230621
WLDUSDT,BUY,LIMIT,1701071790622,9,2.7250011
WLDUSDT,BUY,LIMIT,1701071791906,1020,2.7252083
WLDUSDT,BUY,LIMIT,1701071799720,6,2.7255413
WLDUSDT,BUY,LIMIT,1701071808057,301,2.7279134
WLDUSDT,BUY,LIMIT,1701071809202,37,2.7280653
WLDUSDT,BUY,LIMIT,1701071825094,1731,2.7325140
WLDUSDT,BUY,LIMIT,1701071988889,13,2.7352767
WLDUSDT,BUY,LIMIT,1701071994394,23,2.7365894
WLDUSDT,BUY,LIMIT,1701072007225,2674,2.7466623
WLDUSDT,BUY,LIMIT,1701072417043,95,2.7398599
WLDUSDT,BUY,LIMIT,1701072421340,300,2.7417871
WLDUSDT,BUY,LIMIT,1701072457714,3,2.7438736
WLDUSDT,BUY,LIMIT,1701072504262,41,2.7466874
WLDUSDT,BUY,LIMIT,1701072516216,166,2.7491092
WLDUSDT,BUY,LIMIT,1701072539071,155,2.7522071
WLDUSDT,BUY,LIMIT,1701072542307,511,2.7537136
WLDUSDT,BUY,LIMIT,1701072673294,76,2.7583613
WLDUSDT,BUY,LIMIT,1701072676346,207,2.7589455
WLDUSDT,BUY,LIMIT,1701072680181,76,2.7591117
WLDUSDT,BUY,LIMIT,1701072887478,146,2.7614023
WLDUSDT,BUY,LIMIT,1701072895057,56,2.7620177
WLDUSDT,BUY,LIMIT,1701072918260,79,2.7623398
WLDUSDT,BUY,LIMIT,1701072962652,278,2.7664936
WLDUSDT,BUY,LIMIT,1701072965627,7,2.7669899
WLDUSDT,BUY,LIMIT,1701072966637,989,2.7700860
WLDUSDT,BUY,LIMIT,1701073297674,13,2.7737172
WLDUSDT,BUY,LIMIT,1701073302085,1238,2.7741773
WLDUSDT,BUY,LIMIT,1701073310274,112,2.7760464
WLDUSDT,BUY,LIMIT,1701073312052,61,2.7779450
WLDUSDT,BUY,LIMIT,1701073329628,113,2.7786102
WLDUSDT,BUY,LIMIT,1701073331261,25,2.7797039
WLDUSDT,BUY,LIMIT,1701073338715,167,2.7809210
WLDUSDT,BUY,LIMIT,1701073417807,2,2.7811354
WLDUSDT,BUY,LIMIT,1701073450878,174,2.7826033
WLDUSDT,BUY,LIMIT,1701073457850,143,2.7892160
WLDUSDT,BUY,LIMIT,1701073461462,144,2.7897803
WLDUSDT,BUY,LIMIT,1701073463220,44,2.7904484
WLDUSDT,BUY,LIMIT,1701073495191,98,2.7932835
WLDUSDT,BUY,LIMIT,1701073496414,9,2.7938542
WLDUSDT,BUY,LIMIT,1701073502324,21,2.7983126
WLDUSDT,BUY,LIMIT,1701073531142,45,2.8000103
WLDUSDT,BUY,LIMIT,1701074374194,736,2.8011552
WLDUSDT,BUY,LIMIT,1701074597218,256,2.7875993
WLDUSDT,SELL,LIMIT,1701074832344,159,2.7115812
WLDUSDT,SELL,LIMIT,1701074857361,32,2.7000717
WLDUSDT,SELL,LIMIT,1701074874333,70,2.6957086
WLDUSDT,BUY,LIMIT,1701075045824,217,2.7719794
WLDUSDT,BUY,LIMIT,1701075048843,31,2.7744030
WLDUSDT,BUY,LIMIT,1701075114299,48,2.7808327
WLDUSDT,BUY,LIMIT,1701075141401,2,2.7852325
WLDUSDT,BUY,LIMIT,1701075603105,51,2.7945594
WLDUSDT,BUY,LIMIT,1701075642303,28,2.8021839
WLDUSDT,BUY,LIMIT,1701075649877,45,2.8037252
WLDUSDT,BUY,LIMIT,1701075651215,100,2.8052196
WLDUSDT,BUY,LIMIT,1701075652243,136,2.8056257
WLDUSDT,BUY,LIMIT,1701075663087,85,2.8070420
WLDUSDT,BUY,LIMIT,1701075668735,388,2.8077778
WLDUSDT,SELL,LIMIT,1701075946380,178,2.7244006
WLDUSDT,SELL,LIMIT,1701077034996,6,2.7284981
WLDUSDT,SELL,LIMIT,1701077181120,863,2.7130420
WLDUSDT,SELL,LIMIT,1701077185466,35,2.7122696
WLDUSDT,SELL,LIMIT,1701077201298,86,2.7078438
WLDUSDT,SELL,LIMIT,1701077205049,20,2.7071650
WLDUSDT,SELL,LIMIT,1701077211225,13,2.7063761
WLDUSDT,SELL,LIMIT,1701077215499,2,2.7050247
WLDUSDT,SELL,LIMIT,1701077218263,495,2.7012741
WLDUSDT,SELL,LIMIT,1701077234382,1137,2.6951191
WLDUSDT,SELL,LIMIT,1701077241362,5,2.6915051
WLDUSDT,SELL,LIMIT,1701077251269,622,2.6897423
WLDUSDT,SELL,LIMIT,1701077254327,517,2.6872163
WLDUSDT,SELL,LIMIT,1701077271380,29,2.6850774
WLDUSDT,SELL,LIMIT,1701077272489,90,2.6860575
WLDUSDT,SELL,LIMIT,1701077273950,235,2.6828512
WLDUSDT,SELL,LIMIT,1701077303246,212,2.6756287
WLDUSDT,SELL,LIMIT,1701077354217,1224,2.6708388
WLDUSDT,SELL,LIMIT,1701077357789,437,2.6681719
WLDUSDT,SELL,LIMIT,1701077363935,87,2.6667977
WLDUSDT,SELL,LIMIT,1701077476099,36,2.6561162
WLDUSDT,SELL,LIMIT,1701077477408,95,2.6555817
WLDUSDT,SELL,LIMIT,1701077479076,2,2.6535601
WLDUSDT,SELL,LIMIT,1701077492663,205,2.6529522
WLDUSDT,SELL,LIMIT,1701077508301,1128,2.6489399
WLDUSDT,SELL,LIMIT,1701077509634,657,2.6486440
WLDUSDT,SELL,LIMIT,1701077511085,12,2.6468946
WLDUSDT,SELL,LIMIT,1701077512416,1756,2.6471718
WLDUSDT,SELL,LIMIT,1701077647531,23,2.6455889
WLDUSDT,SELL,LIMIT,1701077698741,485,2.6447583
WLDUSDT,SELL,LIMIT,1701077700500,47,2.6444894
WLDUSDT,SELL,LIMIT,1701077714095,1746,2.6417713
WLDUSDT,SELL,LIMIT,1701077715153,125,2.6384888
WLDUSDT,SELL,LIMIT,1701077717896,325,2.6367381
WLDUSDT,SELL,LIMIT,1701077719111,240,2.6361770
WLDUSDT,SELL,LIMIT,1701079331934,18,2.6395312
WLDUSDT,SELL,LIMIT,1701079422267,153,2.6377166
WLDUSDT,SELL,LIMIT,1701079431232,5,2.6369030
WLDUSDT,SELL,LIMIT,1701079442144,106,2.6344421
WLDUSDT,SELL,LIMIT,1701079444075,2,2.6334518
WLDUSDT,SELL,LIMIT,1701079449112,26,2.6308257
WLDUSDT,SELL,LIMIT,1701079451593,144,2.6297941
WLDUSDT,SELL,LIMIT,1701079454203,704,2.6256516
WLDUSDT,SELL,LIMIT,1701079458935,179,2.6252826
WLDUSDT,SELL,LIMIT,1701079477207,32,2.6223632
WLDUSDT,SELL,LIMIT,1701079479805,1851,2.6214709
WLDUSDT,SELL,LIMIT,1701079483211,87,2.6164052
WLDUSDT,SELL,LIMIT,1701079485097,250,2.6145445
WLDUSDT,SELL,LIMIT,1701079488385,73,2.6130135
WLDUSDT,SELL,LIMIT,1701079489483,30,2.6100248
WLDUSDT,SELL,LIMIT,1701079509023,72,2.6097800
WLDUSDT,SELL,LIMIT,1701079513284,2,2.6059401
WLDUSDT,SELL,LIMIT,1701079525125,81,2.6038898
WLDUSDT,SELL,LIMIT,1701079526190,4054,2.5828785
WLDUSDT,SELL,LIMIT,1701079575192,142,2.5939472
WLDUSDT,SELL,LIMIT,1701079596893,1275,2.5924278
WLDUSDT,SELL,LIMIT,1701079597958,440,2.5878177
WLDUSDT,SELL,LIMIT,1701079613507,100,2.5834591
WLDUSDT,SELL,LIMIT,1701079639498,691,2.5828078
WLDUSDT,SELL,LIMIT,1701079649455,110,2.5798081
WLDUSDT,SELL,LIMIT,1701079653768,242,2.5785357
WLDUSDT,SELL,LIMIT,1701079760243,2,2.5781490
WLDUSDT,SELL,LIMIT,1701079761292,9,2.5708820
WLDUSDT,SELL,LIMIT,1701079762600,7,2.5688014
WLDUSDT,SELL,LIMIT,1701079767158,19,2.5664147
WLDUSDT,SELL,LIMIT,1701079768223,55,2.5659001
WLDUSDT,SELL,LIMIT,1701079847336,301,2.5654897
WLDUSDT,SELL,LIMIT,1701079849142,33,2.5637383
WLDUSDT,SELL,LIMIT,1701079851286,33,2.5628854
WLDUSDT,SELL,LIMIT,1701079852751,21,2.5612674
WLDUSDT,BUY,LIMIT,1701080101751,24,2.6536683
WLDUSDT,SELL,LIMIT,1701080550073,1000,2.5908179
WLDUSDT,SELL,LIMIT,1701081131684,28,2.5970767
WLDUSDT,SELL,LIMIT,1701081198544,150,2.5759697
WLDUSDT,SELL,LIMIT,1701081414070,179,2.5646929
WLDUSDT,SELL,LIMIT,1701081415266,4,2.5638455
WLDUSDT,SELL,LIMIT,1701081422055,5,2.5542787
WLDUSDT,SELL,LIMIT,1701081423075,1891,2.5514911
WLDUSDT,SELL,LIMIT,1701081424346,5,2.5470484
WLDUSDT,SELL,LIMIT,1701081428442,2,2.5455929
WLDUSDT,SELL,LIMIT,1701081430654,108,2.5454699
WLDUSDT,SELL,LIMIT,1701081442005,34,2.5428753
WLDUSDT,SELL,LIMIT,1701081443076,547,2.5424826
WLDUSDT,SELL,LIMIT,1701081444089,38,2.5367577
WLDUSDT,SELL,LIMIT,1701081445208,59,2.5362861
WLDUSDT,SELL,LIMIT,1701081449447,107,2.5359511
WLDUSDT,SELL,LIMIT,1701081451034,557,2.5353910
WLDUSDT,SELL,LIMIT,1701081452041,439,2.5293565
WLDUSDT,SELL,LIMIT,1701081453986,105,2.5276446
WLDUSDT,SELL,LIMIT,1701081454993,472,2.5260129
WLDUSDT,SELL,LIMIT,1701081487921,179,2.5349714
WLDUSDT,SELL,LIMIT,1701081605514,1168,2.5313576
WLDUSDT,SELL,LIMIT,1701081976340,105,2.5408433
WLDUSDT,SELL,LIMIT,1701081978261,39,2.5426518
WLDUSDT,SELL,LIMIT,1701082373368,142,2.5296921
WLDUSDT,SELL,LIMIT,1701082516250,18,2.5254861
WLDUSDT,SELL,LIMIT,1701082517488,937,2.5267193
WLDUSDT,SELL,LIMIT,1701082521628,500,2.5225510
WLDUSDT,SELL,LIMIT,1701082523657,601,2.5204047
WLDUSDT,SELL,LIMIT,1701082526770,45,2.5198976
WLDUSDT,SELL,LIMIT,1701082532136,4,2.5185021
WLDUSDT,SELL,LIMIT,1701082533388,12,2.5181035
WLDUSDT,SELL,LIMIT,1701082534722,25,2.5180195
WLDUSDT,SELL,LIMIT,1701082535916,480,2.5126932
WLDUSDT,SELL,LIMIT,1701082620249,299,2.5233128
WLDUSDT,SELL,LIMIT,1701082654425,83,2.5263855
WLDUSDT,SELL,LIMIT,1701082670157,385,2.5256792
WLDUSDT,SELL,LIMIT,1701082672168,1567,2.5247971
WLDUSDT,SELL,LIMIT,1701082678729,26,2.5206726
WLDUSDT,SELL,LIMIT,1701082692222,37,2.5215403
WLDUSDT,SELL,LIMIT,1701082703522,72,2.5236091
WLDUSDT,SELL,LIMIT,1701082726687,2,2.5213321
WLDUSDT,BUY,LIMIT,1701082845416,29,2.5988179
WLDUSDT,SELL,LIMIT,1701083619089,21,2.5100908
WLDUSDT,SELL,LIMIT,1701083620141,2,2.5099741
WLDUSDT,SELL,LIMIT,1701083621917,81,2.5077767
WLDUSDT,SELL,LIMIT,1701083636264,122,2.5068167
WLDUSDT,SELL,LIMIT,1701083637391,100,2.5071646
WLDUSDT,SELL,LIMIT,1701083642306,13,2.5054063
WLDUSDT,SELL,LIMIT,1701083645109,657,2.5039803
WLDUSDT,SELL,LIMIT,1701084547384,56,2.5096791
WLDUSDT,SELL,LIMIT,1701084574086,275,2.5045677
WLDUSDT,SELL,LIMIT,1701084575230,18,2.5045170
WLDUSDT,SELL,LIMIT,1701084592200,597,2.5025208
WLDUSDT,SELL,LIMIT,1701084593373,463,2.4983916
WLDUSDT,SELL,LIMIT,1701084594874,702,2.4950238
WLDUSDT,SELL,LIMIT,1701084596064,11,2.4944601
WLDUSDT,SELL,LIMIT,1701084597483,73,2.4948378
WLDUSDT,SELL,LIMIT,1701084639411,449,2.4941195
WLDUSDT,SELL,LIMIT,1701084640583,372,2.4935551
WLDUSDT,SELL,LIMIT,1701084642284,222,2.4927078
WLDUSDT,SELL,LIMIT,1701084643545,23,2.4912154
WLDUSDT,SELL,LIMIT,1701084648726,20,2.4897846
WLDUSDT,SELL,LIMIT,1701084663091,4,2.4878727
WLDUSDT,SELL,LIMIT,1701084664112,200,2.4855670
WLDUSDT,SELL,LIMIT,1701084665127,74,2.4822271
WLDUSDT,SELL,LIMIT,1701084930311,131,2.4991781
WLDUSDT,SELL,LIMIT,1701084931537,500,2.4868751
WLDUSDT,BUY,LIMIT,1701085166902,18,2.5671881
WLDUSDT,BUY,LIMIT,1701085509240,53,2.5698960
WLDUSDT,BUY,LIMIT,1701085840173,19,2.5672016
WLDUSDT,BUY,LIMIT,1701086094228,16,2.5855286
WLDUSDT,SELL,LIMIT,1701086445491,93,2.4990624
WLDUSDT,SELL,LIMIT,1701086447294,1470,2.4985169
WLDUSDT,SELL,LIMIT,1701086448434,391,2.4980685
WLDUSDT,SELL,LIMIT,1701086450314,350,2.4946584
WLDUSDT,SELL,LIMIT,1701086452595,75,2.4919610
WLDUSDT,SELL,LIMIT,1701086492260,31,2.4902624
WLDUSDT,SELL,LIMIT,1701086513969,804,2.4891234
WLDUSDT,SELL,LIMIT,1701086613004,601,2.4855893
WLDUSDT,SELL,LIMIT,1701086620162,14,2.4818135
WLDUSDT,SELL,LIMIT,1701086622823,116,2.4809800
WLDUSDT,SELL,LIMIT,1701086626532,428,2.4796933
WLDUSDT,SELL,LIMIT,1701086627582,124,2.4789002
WLDUSDT,SELL,LIMIT,1701086628723,2,2.4782675
WLDUSDT,SELL,LIMIT,1701086667456,19,2.4770075
WLDUSDT,SELL,LIMIT,1701086669156,1702,2.4768722
WLDUSDT,SELL,LIMIT,1701086671610,6,2.4761879
WLDUSDT,SELL,LIMIT,1701086760365,77,2.4750311
WLDUSDT,SELL,LIMIT,1701086762380,116,2.4706696
WLDUSDT,SELL,LIMIT,1701086766785,40,2.4711009
WLDUSDT,SELL,LIMIT,1701086768423,280,2.4699858
WLDUSDT,SELL,LIMIT,1701086806592,120,2.4679432
WLDUSDT,SELL,LIMIT,1701086807667,2000,2.4643675
WLDUSDT,SELL,LIMIT,1701086809076,7781,2.4390748
WLDUSDT,SELL,LIMIT,1701086810121,66,2.4454423
WLDUSDT,SELL,LIMIT,1701086811198,367,2.4459655
WLDUSDT,SELL,LIMIT,1701086812372,37,2.4442291
WLDUSDT,SELL,LIMIT,1701086865836,6,2.4444170
WLDUSDT,SELL,LIMIT,1701086888663,309,2.4432314
WLDUSDT,SELL,LIMIT,1701086890040,18,2.4390748
WLDUSDT,SELL,LIMIT,1701086891106,388,2.4413634
WLDUSDT,SELL,LIMIT,1701086892165,1005,2.4377240
WLDUSDT,SELL,LIMIT,1701086895324,741,2.4373196
WLDUSDT,SELL,LIMIT,1701086928199,2,2.4366069
WLDUSDT,SELL,LIMIT,1701086929249,156,2.4341275
WLDUSDT,SELL,LIMIT,1701086930284,200,2.4348197
WLDUSDT,SELL,LIMIT,1701086932162,531,2.4334117
WLDUSDT,SELL,LIMIT,1701086935232,8,2.4326751
WLDUSDT,SELL,LIMIT,1701086937097,2,2.4323222
WLDUSDT,SELL,LIMIT,1701086938357,479,2.4312911
WLDUSDT,BUY,LIMIT,1701087164262,15,2.5090421
WLDUSDT,SELL,LIMIT,1701087398723,301,2.4440678
WLDUSDT,BUY,LIMIT,1701088152416,517,2.5109596
WLDUSDT,BUY,LIMIT,1701088265769,57,2.5234006
WLDUSDT,SELL,LIMIT,1701088557114,1908,2.4567016
WLDUSDT,SELL,LIMIT,1701088647634,28,2.4492781
WLDUSDT,SELL,LIMIT,1701088708541,185,2.4414052
WLDUSDT,BUY,LIMIT,1701089123058,31,2.5028810
WLDUSDT,SELL,LIMIT,1701089972358,136,2.4547154
WLDUSDT,SELL,LIMIT,1701089984176,485,2.4540270
WLDUSDT,BUY,LIMIT,1701091271764,302,2.5278211
WLDUSDT,BUY,LIMIT,1701091278923,13,2.5302082
WLDUSDT,BUY,LIMIT,1701091280644,18,2.5295348
WLDUSDT,BUY,LIMIT,1701091300205,42,2.5337587
WLDUSDT,SELL,LIMIT,1701093109610,6,2.4582662
WLDUSDT,SELL,LIMIT,1701093116581,25,2.4574135
WLDUSDT,SELL,LIMIT,1701093121080,36,2.4562000
WLDUSDT,SELL,LIMIT,1701093137517,70,2.4531823
WLDUSDT,BUY,LIMIT,1701093271341,3712,2.5384203
WLDUSDT,SELL,LIMIT,1701093709962,19,2.4721693
WLDUSDT,BUY,LIMIT,1701094019051,8,2.5078051
WLDUSDT,SELL,LIMIT,1701094984347,448,2.4532605
WLDUSDT,SELL,LIMIT,1701095408434,29,2.4512401
WLDUSDT,SELL,LIMIT,1701095529405,598,2.4540254
WLDUSDT,SELL,LIMIT,1701095552624,448,2.4503301
WLDUSDT,SELL,LIMIT,1701095553900,154,2.4495520
WLDUSDT,SELL,LIMIT,1701095556486,83,2.4480614
WLDUSDT,SELL,LIMIT,1701095562825,40,2.4476576
WLDUSDT,BUY,LIMIT,1701095714356,645,2.5265480
WLDUSDT,BUY,LIMIT,1701096602304,204,2.5343062
WLDUSDT,BUY,LIMIT,1701096611523,120,2.5373140
WLDUSDT,BUY,LIMIT,1701096622609,26,2.5392941
WLDUSDT,BUY,LIMIT,1701096893378,60,2.5414772
WLDUSDT,SELL,LIMIT,1701097049255,18,2.4845183
WLDUSDT,SELL,LIMIT,1701097087163,4,2.4807348
WLDUSDT,SELL,LIMIT,1701097099272,28,2.4943475
WLDUSDT,BUY,LIMIT,1701097244471,44,2.5430408
WLDUSDT,BUY,LIMIT,1701097251945,51,2.5441602
WLDUSDT,BUY,LIMIT,1701097255974,84,2.5493160
WLDUSDT,BUY,LIMIT,1701097257059,872,2.5602932
WLDUSDT,BUY,LIMIT,1701097672198,809,2.5808325
WLDUSDT,SELL,LIMIT,1701100020653,64,2.4980946
WLDUSDT,SELL,LIMIT,1701100217679,895,2.4949845
WLDUSDT,SELL,LIMIT,1701100305411,180,2.4986611
WLDUSDT,SELL,LIMIT,1701100401135,3469,2.4890115
WLDUSDT,SELL,LIMIT,1701100530519,2212,2.5047722
WLDUSDT,SELL,LIMIT,1701100533206,148,2.4929428
WLDUSDT,SELL,LIMIT,1701100537249,145,2.4915331
WLDUSDT,SELL,LIMIT,1701100539633,33,2.5025243
WLDUSDT,SELL,LIMIT,1701100560779,34,2.4902072
WLDUSDT,SELL,LIMIT,1701100562556,40,2.4980324
WLDUSDT,SELL,LIMIT,1701100564030,6,2.4889994
WLDUSDT,SELL,LIMIT,1701100566232,133,2.4806661
WLDUSDT,SELL,LIMIT,1701100570510,434,2.4802571
WLDUSDT,SELL,LIMIT,1701100572676,180,2.4794384
WLDUSDT,SELL,LIMIT,1701100574270,30,2.4778534
WLDUSDT,SELL,LIMIT,1701100602644,837,2.4797719
WLDUSDT,SELL,LIMIT,1701100641212,88,2.5584697
WLDUSDT,SELL,LIMIT,1701100643817,385,2.4742935
WLDUSDT,SELL,LIMIT,1701101007047,66,2.4536612
WLDUSDT,SELL,LIMIT,1701101008221,990,2.4532958
WLDUSDT,BUY,LIMIT,1701101043820,90,2.5137057
WLDUSDT,SELL,LIMIT,1701101047759,1,2.4663871
WLDUSDT,SELL,LIMIT,1701101100406,31,2.4509306
WLDUSDT,SELL,LIMIT,1701101106721,8814,2.4290824
WLDUSDT,SELL,LIMIT,1701101121538,489,2.4458290
WLDUSDT,SELL,LIMIT,1701101122923,688,2.4429896
WLDUSDT,SELL,LIMIT,1701101141353,3,2.4414715
WLDUSDT,SELL,LIMIT,1701101186235,843,2.4426271
WLDUSDT,SELL,LIMIT,1701101226016,3,2.4385944
WLDUSDT,SELL,LIMIT,1701101241615,2003,2.4347112
WLDUSDT,BUY,LIMIT,1701101835261,90,2.5115381
WLDUSDT,SELL,LIMIT,1701102025787,393,2.4665403
WLDUSDT,SELL,LIMIT,1701102047474,134,2.4592121
WLDUSDT,BUY,LIMIT,1701102565876,883,2.5232474
WLDUSDT,BUY,LIMIT,1701102584128,24,2.5294379
WLDUSDT,BUY,LIMIT,1701104266214,170,2.5420501
WLDUSDT,SELL,LIMIT,1701104913160,16,2.4835866
WLDUSDT,SELL,LIMIT,1701105410701,297,2.4712224
WLDUSDT,SELL,LIMIT,1701105490637,7,2.4647515
WLDUSDT,SELL,LIMIT,1701107469067,99,2.4598230
WLDUSDT,SELL,LIMIT,1701107472065,13,2.4588463
WLDUSDT,BUY,LIMIT,1701111107700,46,2.5053988
WLDUSDT,SELL,LIMIT,1701111859403,10,2.4680701
WLDUSDT,SELL,LIMIT,1701111908572,997,2.4643134
WLDUSDT,BUY,LIMIT,1701111921202,356,2.5135870
WLDUSDT,SELL,LIMIT,1701112080721,7,2.4591906
WLDUSDT,SELL,LIMIT,1701112123748,342,2.4556258
WLDUSDT,SELL,LIMIT,1701112208272,70,2.4501058
WLDUSDT,SELL,LIMIT,1701112214919,96,2.4503853
WLDUSDT,SELL,LIMIT,1701112224091,240,2.4464862
WLDUSDT,BUY,LIMIT,1701113724162,65,2.5238171
WLDUSDT,BUY,LIMIT,1701113790987,263,2.5263501
WLDUSDT,SELL,LIMIT,1701114264255,2,5.2781478
WLDUSDT,SELL,LIMIT,1701114341237,336,2.4541551
WLDUSDT,SELL,LIMIT,1701114344366,461,2.4536161
WLDUSDT,SELL,LIMIT,1701114353882,1872,2.4534369
WLDUSDT,SELL,LIMIT,1701114356060,213,2.4531871
WLDUSDT,SELL,LIMIT,1701114472149,267,2.4559528
WLDUSDT,SELL,LIMIT,1701114473196,84,2.4547975
WLDUSDT,SELL,LIMIT,1701114474178,28,2.4540692
WLDUSDT,SELL,LIMIT,1701114476476,83,2.4513775
WLDUSDT,SELL,LIMIT,1701114478252,1998,2.4506462
WLDUSDT,SELL,LIMIT,1701114489733,789,2.4489948
WLDUSDT,SELL,LIMIT,1701114493448,28,2.4472261
WLDUSDT,SELL,LIMIT,1701114494716,22,2.4444250
WLDUSDT,SELL,LIMIT,1701114497434,107,2.4426488
WLDUSDT,SELL,LIMIT,1701114532547,1991,2.4433037
WLDUSDT,BUY,LIMIT,1701115697662,45,2.5342030
WLDUSDT,SELL,LIMIT,1701116873725,1989,2.4766439
WLDUSDT,SELL,LIMIT,1701118497833,5,2.4584291
WLDUSDT,BUY,LIMIT,1701118737445,57,2.5170041
WLDUSDT,SELL,LIMIT,1701122230406,31,2.4657211
WLDUSDT,SELL,LIMIT,1701123413854,12,2.4582044
WLDUSDT,SELL,LIMIT,1701123683161,1253,2.4511292
WLDUSDT,SELL,LIMIT,1701123688904,283,2.4493389
WLDUSDT,SELL,LIMIT,1701123695539,35,2.4452078
WLDUSDT,SELL,LIMIT,1701123747261,72,2.4379964
WLDUSDT,SELL,LIMIT,1701123749100,185,2.4357431
WLDUSDT,SELL,LIMIT,1701123806634,112,2.4348454
WLDUSDT,BUY,LIMIT,1701125911863,3,2.5176326
WLDUSDT,SELL,LIMIT,1701127480112,225,2.4695851
WLDUSDT,BUY,LIMIT,1701129815843,63,2.5394864
WLDUSDT,SELL,LIMIT,1701129861546,20,2.4928500
WLDUSDT,BUY,LIMIT,1701129877913,14,2.5465981
WLDUSDT,BUY,LIMIT,1701129890453,1000,2.5497508
WLDUSDT,BUY,LIMIT,1701129893094,1179,2.5506686
WLDUSDT,BUY,LIMIT,1701129925107,41,2.5558301
WLDUSDT,BUY,LIMIT,1701129926122,28,2.5576395
WLDUSDT,BUY,LIMIT,1701129932284,682,2.5602425
WLDUSDT,BUY,LIMIT,1701130933041,127,2.5638904
WLDUSDT,BUY,LIMIT,1701131077647,202,2.5736808
WLDUSDT,BUY,LIMIT,1701131088097,216,2.5755871
WLDUSDT,BUY,LIMIT,1701131558183,27,2.5775871
WLDUSDT,BUY,LIMIT,1701131753757,17,2.5782497
WLDUSDT,BUY,LIMIT,1701131855257,839,2.5842650
WLDUSDT,BUY,LIMIT,1701131895267,56,2.5876468
WLDUSDT,BUY,LIMIT,1701131913555,2625,2.5976632
WLDUSDT,BUY,LIMIT,1701132219061,218,2.5923059
WLDUSDT,BUY,LIMIT,1701132230391,189,2.5971140
WLDUSDT,BUY,LIMIT,1701132262803,14,2.6011595
WLDUSDT,BUY,LIMIT,1701132928341,126,2.5791240
WLDUSDT,SELL,LIMIT,1701133580133,100,2.5142586
WLDUSDT,SELL,LIMIT,1701135643167,174,2.4973733
WLDUSDT,SELL,LIMIT,1701135672783,517,2.4965649
WLDUSDT,SELL,LIMIT,1701136878014,1378,2.4861037
WLDUSDT,SELL,LIMIT,1701136887390,13,2.4832884
WLDUSDT,SELL,LIMIT,1701136892332,450,2.4824855
WLDUSDT,SELL,LIMIT,1701137125767,518,2.4674185
WLDUSDT,SELL,LIMIT,1701137127323,1421,2.4646808
WLDUSDT,SELL,LIMIT,1701137164247,163,2.4591740
WLDUSDT,SELL,LIMIT,1701137181003,1996,2.4536667
WLDUSDT,SELL,LIMIT,1701137202135,219,2.4486575
WLDUSDT,SELL,LIMIT,1701137212089,65,2.4473848
WLDUSDT,SELL,LIMIT,1701137247366,36,2.4427239
WLDUSDT,SELL,LIMIT,1701137325447,38,2.4374151
WLDUSDT,SELL,LIMIT,1701137344962,111,2.4347195
WLDUSDT,SELL,LIMIT,1701137380061,573,2.4343434
WLDUSDT,SELL,LIMIT,1701137384425,3,2.4333579
WLDUSDT,SELL,LIMIT,1701137437220,2014,2.4327463
WLDUSDT,BUY,LIMIT,1701138100317,101,2.5073767
WLDUSDT,BUY,LIMIT,1701138497299,247,2.5172757
WLDUSDT,SELL,LIMIT,1701144400622,1180,2.4566830
WLDUSDT,SELL,LIMIT,1701145403959,1038,2.4533944
WLDUSDT,SELL,LIMIT,1701145454199,146,2.4497160
WLDUSDT,SELL,LIMIT,1701146059038,192,2.4414228
WLDUSDT,SELL,LIMIT,1701146541089,33,2.4358120
WLDUSDT,SELL,LIMIT,1701147065062,5755,2.4136870
WLDUSDT,SELL,LIMIT,1701147066108,66,2.4265210
WLDUSDT,SELL,LIMIT,1701147067352,266,2.4236212
WLDUSDT,SELL,LIMIT,1701147070423,3,2.4222565
WLDUSDT,SELL,LIMIT,1701147081326,115,2.4232095
WLDUSDT,SELL,LIMIT,1701147087694,55,2.4232576
WLDUSDT,SELL,LIMIT,1701147089154,3,2.4219832
WLDUSDT,SELL,LIMIT,1701147118784,783,2.4214939
WLDUSDT,SELL,LIMIT,1701147123256,85,2.4211610
WLDUSDT,SELL,LIMIT,1701147811928,29,2.4195964
WLDUSDT,SELL,LIMIT,1701147825036,22,2.4177824
WLDUSDT,SELL,LIMIT,1701147826213,1907,2.4166812
WLDUSDT,SELL,LIMIT,1701147827354,83,2.4159596
WLDUSDT,SELL,LIMIT,1701147879801,3,2.4155651
WLDUSDT,SELL,LIMIT,1701147881257,2783,2.4066967
WLDUSDT,SELL,LIMIT,1701147882472,48,2.4120670
WLDUSDT,SELL,LIMIT,1701147884599,203,2.4116034
WLDUSDT,SELL,LIMIT,1701147887648,1979,2.4117552
WLDUSDT,SELL,LIMIT,1701147889270,7,2.4114545
WLDUSDT,SELL,LIMIT,1701147890975,579,2.4108716
WLDUSDT,SELL,LIMIT,1701147957158,73,2.4094621
WLDUSDT,SELL,LIMIT,1701147958926,15,2.4093434
WLDUSDT,SELL,LIMIT,1701148131172,815,2.4080275
WLDUSDT,SELL,LIMIT,1701148132238,77,2.4080135
WLDUSDT,SELL,LIMIT,1701148133889,116,2.4031905
WLDUSDT,SELL,LIMIT,1701148203073,2012,2.4071421
WLDUSDT,SELL,LIMIT,1701148212536,1586,2.4026360
WLDUSDT,SELL,LIMIT,1701148259420,186,2.4017160
WLDUSDT,SELL,LIMIT,1701148850967,2555,2.4096226
WLDUSDT,SELL,LIMIT,1701148939260,453,2.4122974
WLDUSDT,SELL,LIMIT,1701149837130,2,2.4077326
WLDUSDT,SELL,LIMIT,1701149881096,178,2.3997480
WLDUSDT,SELL,LIMIT,1701149882444,110,2.4006310
WLDUSDT,SELL,LIMIT,1701149892067,376,2.4013257
WLDUSDT,SELL,LIMIT,1701151263535,240,2.3985974
WLDUSDT,SELL,LIMIT,1701151269224,383,2.3981447
WLDUSDT,SELL,LIMIT,1701151270430,3782,2.3863917
WLDUSDT,SELL,LIMIT,1701151271602,572,2.3968910
WLDUSDT,SELL,LIMIT,1701151273329,516,2.3954543
WLDUSDT,SELL,LIMIT,1701151274530,2,2.3921417
WLDUSDT,SELL,LIMIT,1701151281236,171,2.3988494
WLDUSDT,SELL,LIMIT,1701152851711,1027,2.3946873
WLDUSDT,SELL,LIMIT,1701154078466,190,2.3914655
WLDUSDT,SELL,LIMIT,1701154157054,15,2.3908447
WLDUSDT,SELL,LIMIT,1701154158258,27,2.3903112
WLDUSDT,SELL,LIMIT,1701155359113,134,2.3916641
WLDUSDT,SELL,LIMIT,1701155462134,6515,2.3819082
WLDUSDT,SELL,LIMIT,1701155596278,67,2.3929830
WLDUSDT,SELL,LIMIT,1701155753349,587,2.4003794
WLDUSDT,SELL,LIMIT,1701156141922,110,2.3949364
WLDUSDT,SELL,LIMIT,1701156877091,5,2.4021361
WLDUSDT,BUY,LIMIT,1701157302446,73,2.4613307
WLDUSDT,BUY,LIMIT,1701157952093,2066,2.4683585
WLDUSDT,BUY,LIMIT,1701157962114,103,2.4690943
WLDUSDT,BUY,LIMIT,1701157963449,13,2.4693337
WLDUSDT,SELL,LIMIT,1701161787051,3,2.3877701
WLDUSDT,SELL,LIMIT,1701161791585,10,2.3876167
WLDUSDT,SELL,LIMIT,1701161951086,158,2.3873611
WLDUSDT,SELL,LIMIT,1701161954803,19,2.3870130
WLDUSDT,SELL,LIMIT,1701161958396,180,2.3867154
WLDUSDT,SELL,LIMIT,1701161971949,70,2.3860515
WLDUSDT,SELL,LIMIT,1701161989831,74,2.3857463
WLDUSDT,SELL,LIMIT,1701162061768,2,2.3843580
WLDUSDT,SELL,LIMIT,1701162623272,3,2.3821307
WLDUSDT,SELL,LIMIT,1701162631690,9,2.3798036
WLDUSDT,SELL,LIMIT,1701162633105,3,2.3792622
WLDUSDT,SELL,LIMIT,1701163982085,17,2.3786523
WLDUSDT,BUY,LIMIT,1701164979098,115,2.4561793
WLDUSDT,BUY,LIMIT,1701164984314,17,2.4576483
WLDUSDT,BUY,LIMIT,1701165064530,50,2.4601939
WLDUSDT,BUY,LIMIT,1701165070126,15,2.4630096
WLDUSDT,BUY,LIMIT,1701165081053,208,2.4656624
WLDUSDT,BUY,LIMIT,1701165083105,16,2.4677131
WLDUSDT,SELL,LIMIT,1701167043592,72,2.3904338
WLDUSDT,SELL,LIMIT,1701167264676,19,2.3856912
WLDUSDT,SELL,LIMIT,1701167304265,247,2.3828352
WLDUSDT,SELL,LIMIT,1701167644880,123,2.3792470
WLDUSDT,SELL,LIMIT,1701167647071,20,2.3790481
WLDUSDT,SELL,LIMIT,1701167648430,100,2.3786879
WLDUSDT,SELL,LIMIT,1701168058327,20,2.4089331
WLDUSDT,BUY,LIMIT,1701169304047,60,2.4521116
WLDUSDT,SELL,LIMIT,1701170768065,9585,2.3982619
WLDUSDT,BUY,LIMIT,1701170873129,300,2.4618657
WLDUSDT,BUY,LIMIT,1701170953913,477,2.4686814
WLDUSDT,BUY,LIMIT,1701170957400,40,2.4120545
WLDUSDT,BUY,LIMIT,1701171145611,370,2.4703503
WLDUSDT,BUY,LIMIT,1701171967809,3,2.4767905
WLDUSDT,BUY,LIMIT,1701172073110,519,2.4764295
WLDUSDT,BUY,LIMIT,1701172095553,153,2.4779529
WLDUSDT,BUY,LIMIT,1701172140182,2077,2.4851547
WLDUSDT,BUY,LIMIT,1701172141320,728,2.4804536
WLDUSDT,BUY,LIMIT,1701172142732,19,2.4866428
WLDUSDT,BUY,LIMIT,1701172145112,1579,2.4879066
WLDUSDT,BUY,LIMIT,1701172146367,301,2.4885147
WLDUSDT,BUY,LIMIT,1701172477110,247,2.4913744
WLDUSDT,BUY,LIMIT,1701172868785,15,2.4925755
WLDUSDT,BUY,LIMIT,1701172870049,105,2.4936796
WLDUSDT,SELL,LIMIT,1701173732443,54,2.4169800
WLDUSDT,SELL,LIMIT,1701174106412,55,2.4142265
WLDUSDT,SELL,LIMIT,1701176611348,879,2.4113903
WLDUSDT,SELL,LIMIT,1701176735549,27,2.4091047
WLDUSDT,BUY,LIMIT,1701178134120,26,2.4929372
WLDUSDT,BUY,LIMIT,1701178135344,135,2.4933330
WLDUSDT,BUY,LIMIT,1701179230258,77,2.4975157
WLDUSDT,BUY,LIMIT,1701179574042,4,2.4994895
WLDUSDT,BUY,LIMIT,1701179575490,412,2.4995992
WLDUSDT,BUY,LIMIT,1701179592144,182,2.5015207
WLDUSDT,BUY,LIMIT,1701179597101,4,2.5023690
WLDUSDT,BUY,LIMIT,1701179600554,396,2.5036503
WLDUSDT,BUY,LIMIT,1701179602437,121,2.5037550
WLDUSDT,BUY,LIMIT,1701179624887,539,2.5056956
WLDUSDT,BUY,LIMIT,1701179633217,2032,2.5087274
WLDUSDT,BUY,LIMIT,1701179634860,126,2.5097565
