Symbol,Side,Order Type,Time,Quantity,Price
WLDUSDT,SELL,LIMIT,1701917246368,47,2.4171331
WLDUSDT,SELL,LIMIT,1701918356619,70,2.4151484
WLDUSDT,SELL,LIMIT,1701918374284,3,2.4104294
WLDUSDT,SELL,LIMIT,1701918475402,46,2.4052204
WLDUSDT,SELL,LIMIT,1701928606436,1,2.4241141
WLDUSDT,BUY,LIMIT,1701930210326,14,2.4486870
WLDUSDT,SELL,LIMIT,1701936857082,259,2.4121373
WLDUSDT,SELL,LIMIT,1701937337459,155,2.4008415
WLDUSDT,SELL,LIMIT,1701937366616,18,2.3992667
WLDUSDT,SELL,LIMIT,1701937370167,73,2.3989737
WLDUSDT,SELL,LIMIT,1701937395267,101,2.3956204
WLDUSDT,SELL,LIMIT,1701937468296,40,2.3951519
WLDUSDT,SELL,LIMIT,1701937471317,3,2.3949504
WLDUSDT,SELL,LIMIT,1701939361225,271,2.3861386
WLDUSDT,SELL,LIMIT,1701939408070,757,2.3815266
WLDUSDT,SELL,LIMIT,1701939476531,381,2.3795786
WLDUSDT,SELL,LIMIT,1701939489102,312,2.3791272
WLDUSDT,SELL,LIMIT,1701939502126,528,2.3786847
WLDUSDT,SELL,LIMIT,1701939700815,37,2.3765759
WLDUSDT,SELL,LIMIT,1701939724222,22,2.3764261
WLDUSDT,SELL,LIMIT,1701939969118,61,2.3759887
WLDUSDT,SELL,LIMIT,1701939970231,47,2.3712365
WLDUSDT,SELL,LIMIT,1701939971702,54,2.3705187
WLDUSDT,SELL,LIMIT,1701939977351,781,2.3671127
WLDUSDT,SELL,LIMIT,1701940010450,61,2.3658600
WLDUSDT,SELL,LIMIT,1701940011521,40,2.3644851
WLDUSDT,SELL,LIMIT,1701940016205,5,2.3623793
WLDUSDT,SELL,LIMIT,1701940536339,398,2.3599868
WLDUSDT,SELL,LIMIT,1701940555989,206,2.3581257
WLDUSDT,SELL,LIMIT,1701940557519,21,2.3747127
WLDUSDT,SELL,LIMIT,1701940560066,362,2.3581151
WLDUSDT,SELL,LIMIT,1701940564430,815,2.3570987
WLDUSDT,SELL,LIMIT,1701940566139,416,2.3541628
WLDUSDT,SELL,LIMIT,1701940567404,86,2.3551799
WLDUSDT,SELL,LIMIT,1701940568517,19,2.3487262
WLDUSDT,SELL,LIMIT,1701941027073,6191,2.3323804
WLDUSDT,SELL,LIMIT,1701941033514,88,2.3474815
WLDUSDT,SELL,LIMIT,1701941035800,208,2.3469841
WLDUSDT,SELL,LIMIT,1701941037380,650,2.3462932
WLDUSDT,SELL,LIMIT,1701941061204,2067,2.3456270
WLDUSDT,SELL,LIMIT,1701941063195,4,2.3451622
WLDUSDT,SELL,LIMIT,1701941071434,1620,2.3444454
WLDUSDT,SELL,LIMIT,1701941074413,22,2.3426520
WLDUSDT,SELL,LIMIT,1701941076480,309,2.3420582
WLDUSDT,SELL,LIMIT,1701941111353,406,2.3407279
WLDUSDT,SELL,LIMIT,1701941148493,271,2.3403105
WLDUSDT,SELL,LIMIT,1701941149674,1913,2.3394694
WLDUSDT,SELL,LIMIT,1701941151844,13,2.3384276
WLDUSDT,SELL,LIMIT,1701941154059,177,2.3423156
WLDUSDT,SELL,LIMIT,1701941155765,16,2.3365575
WLDUSDT,SELL,LIMIT,1701941161856,183,2.3360213
WLDUSDT,SELL,LIMIT,1701941163702,192,2.3351484
WLDUSDT,SELL,LIMIT,1701941170433,1623,2.3338483
WLDUSDT,SELL,LIMIT,1701941172663,314,2.3330911
WLDUSDT,SELL,LIMIT,1701941175071,3,2.3326844
WLDUSDT,SELL,LIMIT,1701941176573,135,2.3315473
WLDUSDT,SELL,LIMIT,1701941179887,1622,2.3310052
WLDUSDT,SELL,LIMIT,1701941182545,3,2.3296781
WLDUSDT,SELL,LIMIT,1701941185229,91,2.3298716
WLDUSDT,SELL,LIMIT,1701941186654,9,2.3292415
WLDUSDT,SELL,LIMIT,1701941188098,3731,2.3161906
WLDUSDT,SELL,LIMIT,1701941189285,1611,2.3264613
WLDUSDT,SELL,LIMIT,1701941190313,3418,2.3158753
WLDUSDT,SELL,LIMIT,1701941191489,216,2.3233192
WLDUSDT,SELL,LIMIT,1701941238842,927,2.3216145
WLDUSDT,SELL,LIMIT,1701941243141,1184,2.3201487
WLDUSDT,SELL,LIMIT,1701941244170,3000,2.3128269
WLDUSDT,SELL,LIMIT,1701941245254,1966,2.3185193
WLDUSDT,SELL,LIMIT,1701941247142,7700,2.3005037
WLDUSDT,SELL,LIMIT,1701941248169,2595,2.3133268
WLDUSDT,SELL,LIMIT,1701941255191,9,2.3142901
WLDUSDT,BUY,LIMIT,1701942368052,14,2.4094813
WLDUSDT,BUY,LIMIT,1701942380595,110,2.4103454
WLDUSDT,SELL,LIMIT,1701951324769,36,2.3536261
WLDUSDT,BUY,LIMIT,1701952293463,994,2.4250844
WLDUSDT,BUY,LIMIT,1701953976591,1,2.4278380
WLDUSDT,BUY,LIMIT,1701954156113,3,2.4262420
WLDUSDT,BUY,LIMIT,1701957962823,25,2.4053022
WLDUSDT,BUY,LIMIT,1701961383151,50,2.4367069
WLDUSDT,BUY,LIMIT,1701962388463,8,2.4462705
WLDUSDT,BUY,LIMIT,1701962546799,150,2.4495272
WLDUSDT,BUY,LIMIT,1701962622788,24,2.4533109
WLDUSDT,SELL,LIMIT,1701962686635,8,2.4046111
WLDUSDT,BUY,LIMIT,1701962836245,1480,2.4575373
WLDUSDT,BUY,LIMIT,1701962890377,7,2.4591862
WLDUSDT,BUY,LIMIT,1701962939764,22,2.4572916
WLDUSDT,BUY,LIMIT,1701964405179,177,2.4547070
WLDUSDT,BUY,LIMIT,1701965061418,422,2.4559098
WLDUSDT,SELL,LIMIT,1701965528472,18,2.4140297
WLDUSDT,BUY,LIMIT,1701965667136,192,2.4658083
WLDUSDT,BUY,LIMIT,1701965885992,128,2.4709708
WLDUSDT,BUY,LIMIT,1701965902003,293,2.4724108
WLDUSDT,BUY,LIMIT,1701966206392,28,2.4765504
WLDUSDT,BUY,LIMIT,1701966207416,20,2.4895942
WLDUSDT,BUY,LIMIT,1701966208447,252,2.4797192
WLDUSDT,BUY,LIMIT,1701966212430,443,2.4967773
WLDUSDT,BUY,LIMIT,1701966228315,1143,2.4986746
WLDUSDT,BUY,LIMIT,1701966270451,216,2.5065378
WLDUSDT,BUY,LIMIT,1701966289327,835,2.5122779
WLDUSDT,BUY,LIMIT,1701966292028,536,2.5138504
WLDUSDT,BUY,LIMIT,1701966302511,1677,2.5143981
WLDUSDT,BUY,LIMIT,1701966555240,10,2.5150352
WLDUSDT,BUY,LIMIT,1701966558106,234,2.5171946
WLDUSDT,BUY,LIMIT,1701966584491,83,2.5193580
WLDUSDT,BUY,LIMIT,1701966589115,833,2.5197631
WLDUSDT,BUY,LIMIT,1701966888872,124,2.5234757
WLDUSDT,BUY,LIMIT,1701967107822,20,2.5240673
WLDUSDT,BUY,LIMIT,1701967181784,260,2.5257660
WLDUSDT,BUY,LIMIT,1701967238354,439,2.5291040
WLDUSDT,BUY,LIMIT,1701967240556,2004,2.5310077
WLDUSDT,BUY,LIMIT,1701967265169,72,2.5352345
WLDUSDT,BUY,LIMIT,1701968404061,215,2.5132661
WLDUSDT,BUY,LIMIT,1701968718354,61,2.5293917
WLDUSDT,BUY,LIMIT,1701968720563,353,2.5320205
WLDUSDT,BUY,LIMIT,1701968728395,18,2.5413394
WLDUSDT,BUY,LIMIT,1701968730514,35,2.5433380
WLDUSDT,SELL,LIMIT,1701971342494,227,2.4643044
WLDUSDT,SELL,LIMIT,1701974295993,705,2.4590008
WLDUSDT,SELL,LIMIT,1701974314815,190,2.4565501
WLDUSDT,SELL,LIMIT,1701974507377,26,2.4555547
WLDUSDT,SELL,LIMIT,1701974510188,85,2.4547150
WLDUSDT,SELL,LIMIT,1701974517638,1935,2.4529619
WLDUSDT,SELL,LIMIT,1701974669907,999,2.4518982
WLDUSDT,SELL,LIMIT,1701974681474,519,2.4506011
WLDUSDT,SELL,LIMIT,1701976185156,10,2.4490585
WLDUSDT,SELL,LIMIT,1701976186172,883,2.4434272
WLDUSDT,SELL,LIMIT,1701976893388,716,2.4376771
WLDUSDT,SELL,LIMIT,1701977178171,370,2.4335166
WLDUSDT,SELL,LIMIT,1701978085095,818,2.4279459
WLDUSDT,SELL,LIMIT,1701978228302,1000,2.4268861
WLDUSDT,SELL,LIMIT,1701978295605,3,2.4201079
WLDUSDT,BUY,LIMIT,1701983892219,3,2.5027705
WLDUSDT,BUY,LIMIT,1701984194211,16,2.4927608
WLDUSDT,BUY,LIMIT,1701984582088,19,2.5145950
WLDUSDT,BUY,LIMIT,1701985124776,17,2.5192171
WLDUSDT,SELL,LIMIT,1701988459916,12,2.4631849
WLDUSDT,SELL,LIMIT,1701991036469,20,2.4778711
WLDUSDT,BUY,LIMIT,1701991211199,214,2.5341777
WLDUSDT,BUY,LIMIT,1701994338588,2000,2.5270204
WLDUSDT,SELL,LIMIT,1701997472431,243,2.4558921
WLDUSDT,SELL,LIMIT,1701997476254,105,2.4549695
WLDUSDT,SELL,LIMIT,1701997478164,79,2.4538335
WLDUSDT,SELL,LIMIT,1701997715441,267,2.4528572
WLDUSDT,SELL,LIMIT,1701997760202,180,2.4511097
WLDUSDT,BUY,LIMIT,1702004340513,11,2.5382455
WLDUSDT,BUY,LIMIT,1702004445168,199,2.5413416
WLDUSDT,BUY,LIMIT,1702006467734,19,2.5493755
WLDUSDT,BUY,LIMIT,1702006535333,50,2.5510785
WLDUSDT,BUY,LIMIT,1702006696931,4,2.5517669
WLDUSDT,BUY,LIMIT,1702006894606,108,2.5455888
WLDUSDT,BUY,LIMIT,1702007154541,12,2.5536021
WLDUSDT,BUY,LIMIT,1702007212562,834,2.5559735
WLDUSDT,BUY,LIMIT,1702008345404,11,2.5567713
WLDUSDT,BUY,LIMIT,1702008919058,598,2.5594941
WLDUSDT,BUY,LIMIT,1702008920867,105,2.5604452
WLDUSDT,BUY,LIMIT,1702010016047,238,2.5634556
WLDUSDT,SELL,LIMIT,1702010670991,38,2.5062461
WLDUSDT,SELL,LIMIT,1702013765397,114,2.4898433
WLDUSDT,BUY,LIMIT,1702015097174,145,2.5637513
WLDUSDT,BUY,LIMIT,1702015110639,217,2.5645796
WLDUSDT,BUY,LIMIT,1702016314199,14,2.5709550
WLDUSDT,BUY,LIMIT,1702016323034,497,2.5710061
WLDUSDT,BUY,LIMIT,1702016364504,19,2.5726934
WLDUSDT,SELL,LIMIT,1702019203448,1763,2.4901191
WLDUSDT,SELL,LIMIT,1702019987737,958,2.4880191
WLDUSDT,SELL,LIMIT,1702020498150,53,2.4816301
WLDUSDT,SELL,LIMIT,1702020601193,25,2.4697096
WLDUSDT,SELL,LIMIT,1702020643538,53,2.4682527
WLDUSDT,SELL,LIMIT,1702022380790,3,2.4641166
WLDUSDT,SELL,LIMIT,1702022385868,12,2.4633807
WLDUSDT,SELL,LIMIT,1702022534805,100,2.4614146
WLDUSDT,SELL,LIMIT,1702022548045,1901,2.4592844
WLDUSDT,SELL,LIMIT,1702022570898,221,2.4583350
WLDUSDT,SELL,LIMIT,1702022845606,52,2.4572826
WLDUSDT,SELL,LIMIT,1702023058436,1904,2.4530623
WLDUSDT,SELL,LIMIT,1702023059664,191,2.4501813
WLDUSDT,SELL,LIMIT,1702025915707,377,2.4447279
WLDUSDT,SELL,LIMIT,1702025949439,609,2.4414589
WLDUSDT,BUY,LIMIT,1702032395244,3097,2.5243693
WLDUSDT,BUY,LIMIT,1702032808459,53,2.5202201
WLDUSDT,BUY,LIMIT,1702033187375,12,2.5248068
WLDUSDT,BUY,LIMIT,1702033694246,309,2.5302929
WLDUSDT,BUY,LIMIT,1702033819231,114,2.5324693
WLDUSDT,BUY,LIMIT,1702035259275,1385,2.5358426
WLDUSDT,BUY,LIMIT,1702035958324,792,2.5441288
WLDUSDT,SELL,LIMIT,1702036073347,6,2.5139417
WLDUSDT,BUY,LIMIT,1702036079995,384,2.5435840
WLDUSDT,BUY,LIMIT,1702038177479,180,2.5421700
WLDUSDT,BUY,LIMIT,1702039288118,2,2.5425740
WLDUSDT,BUY,LIMIT,1702039393164,38,2.5448970
WLDUSDT,SELL,LIMIT,1702040747611,498,2.4718521
WLDUSDT,SELL,LIMIT,1702040750848,1323,2.4720353
WLDUSDT,SELL,LIMIT,1702040753667,50,2.4708562
WLDUSDT,SELL,LIMIT,1702040757499,102,2.4641121
WLDUSDT,SELL,LIMIT,1702040808871,164,2.4640124
WLDUSDT,SELL,LIMIT,1702040812220,23,2.4591991
WLDUSDT,SELL,LIMIT,1702040818343,199,2.4534423
WLDUSDT,SELL,LIMIT,1702040860284,28,2.4505001
WLDUSDT,SELL,LIMIT,1702040861292,533,2.4511673
WLDUSDT,SELL,LIMIT,1702041029218,74,2.4434632
WLDUSDT,SELL,LIMIT,1702041843910,135,2.4403404
WLDUSDT,SELL,LIMIT,1702042246180,45,2.4338936
WLDUSDT,BUY,LIMIT,1702043347438,184,2.4978482
WLDUSDT,SELL,LIMIT,1702043698873,5341,2.4516372
WLDUSDT,SELL,LIMIT,1702043760529,286,2.4282566
WLDUSDT,SELL,LIMIT,1702043808242,39,2.4225917
WLDUSDT,SELL,LIMIT,1702043811090,123,2.4210294
WLDUSDT,SELL,LIMIT,1702043815358,15,2.4201248
WLDUSDT,SELL,LIMIT,1702043896691,21,2.4191219
WLDUSDT,SELL,LIMIT,1702043936353,354,2.4176938
WLDUSDT,SELL,LIMIT,1702043967196,7,2.4160575
WLDUSDT,SELL,LIMIT,1702044443270,819,2.4169983
WLDUSDT,SELL,LIMIT,1702044471539,1809,2.4124321
WLDUSDT,SELL,LIMIT,1702044476314,3,2.4108231
WLDUSDT,SELL,LIMIT,1702044480363,20,2.4101020
WLDUSDT,SELL,LIMIT,1702044493433,7879,2.3918280
WLDUSDT,SELL,LIMIT,1702051817829,205,2.4318629
WLDUSDT,BUY,LIMIT,1702052369281,411,2.4918317
WLDUSDT,SELL,LIMIT,1702055505975,508,2.4262374
WLDUSDT,SELL,LIMIT,1702055713730,1439,2.4249042
WLDUSDT,SELL,LIMIT,1702057382636,4,2.4380113
WLDUSDT,SELL,LIMIT,1702059844867,26,2.4336181
WLDUSDT,BUY,LIMIT,1702064824940,178,2.4949437
WLDUSDT,BUY,LIMIT,1702066484517,4,2.4975465
WLDUSDT,SELL,LIMIT,1702067639890,5,2.4515371
WLDUSDT,BUY,LIMIT,1702068613784,212,2.5021642
WLDUSDT,BUY,LIMIT,1702068795247,79,2.5031961
WLDUSDT,BUY,LIMIT,1702068798725,228,2.5032690
WLDUSDT,BUY,LIMIT,1702068802109,87,2.5044602
WLDUSDT,BUY,LIMIT,1702068987204,163,2.5059439
WLDUSDT,BUY,LIMIT,1702069019208,196,2.5071971
WLDUSDT,BUY,LIMIT,1702070630044,221,2.5012486
WLDUSDT,BUY,LIMIT,1702072654019,12,2.5097432
WLDUSDT,BUY,LIMIT,1702078548839,250,2.5134881
WLDUSDT,BUY,LIMIT,1702079060541,31,2.5140920
WLDUSDT,BUY,LIMIT,1702079068487,251,2.5136629
WLDUSDT,BUY,LIMIT,1702079207428,29,2.5152453
WLDUSDT,BUY,LIMIT,1702079854094,33,2.5143558
WLDUSDT,BUY,LIMIT,1702080247619,2,2.5193242
WLDUSDT,SELL,LIMIT,1702080574222,2021,2.4746544
WLDUSDT,BUY,LIMIT,1702081548459,70,2.5293384
WLDUSDT,BUY,LIMIT,1702081832513,60,2.5345204
WLDUSDT,BUY,LIMIT,1702081865800,13,2.5356558
WLDUSDT,BUY,LIMIT,1702082075733,54,2.5379770
WLDUSDT,BUY,LIMIT,1702082564171,50,2.5426673
WLDUSDT,SELL,LIMIT,1702084031007,238,2.4711658
WLDUSDT,SELL,LIMIT,1702084073060,235,2.4666640
WLDUSDT,SELL,LIMIT,1702084074258,79,2.4667875
WLDUSDT,SELL,LIMIT,1702084207375,5,2.4544653
WLDUSDT,BUY,LIMIT,1702086521568,258,2.5310600
WLDUSDT,BUY,LIMIT,1702097849637,34,2.5525890
WLDUSDT,BUY,LIMIT,1702103530173,116,2.5464170
WLDUSDT,SELL,LIMIT,1702106166086,1000,2.4890581
WLDUSDT,SELL,LIMIT,1702106638005,36,2.4752442
WLDUSDT,SELL,LIMIT,1702107093533,13,2.4810945
WLDUSDT,BUY,LIMIT,1702107661459,613,2.5326485
WLDUSDT,BUY,LIMIT,1702108570132,334,2.5453010
WLDUSDT,BUY,LIMIT,1702109107873,376,2.5351879
WLDUSDT,SELL,LIMIT,1702109556227,31,2.4910954
WLDUSDT,BUY,LIMIT,1702109911049,27,2.5582453
WLDUSDT,BUY,LIMIT,1702109925074,40,2.5606263
WLDUSDT,BUY,LIMIT,1702110066477,120,2.5632194
WLDUSDT,BUY,LIMIT,1702110165856,853,2.5693498
WLDUSDT,SELL,LIMIT,1702110912576,121,2.4833116
WLDUSDT,SELL,LIMIT,1702110968990,92,2.4781681
WLDUSDT,SELL,LIMIT,1702110975182,785,2.4721320
WLDUSDT,SELL,LIMIT,1702110979143,511,2.4703238
WLDUSDT,SELL,LIMIT,1702110983117,7,2.4688823
WLDUSDT,SELL,LIMIT,1702110992675,2,2.4640424
WLDUSDT,SELL,LIMIT,1702110994071,435,2.4628304
WLDUSDT,SELL,LIMIT,1702111026774,219,2.4614185
WLDUSDT,SELL,LIMIT,1702111028082,1848,2.4601178
WLDUSDT,SELL,LIMIT,1702111029403,1247,2.4534746
WLDUSDT,SELL,LIMIT,1702111035551,3,2.4477455
WLDUSDT,SELL,LIMIT,1702111037767,555,2.4418321
WLDUSDT,SELL,LIMIT,1702111038947,423,2.4384912
WLDUSDT,SELL,LIMIT,1702111040450,398,2.4383701
WLDUSDT,SELL,LIMIT,1702111041998,2000,2.4380001
WLDUSDT,SELL,LIMIT,1702111045203,151,2.4368254
WLDUSDT,SELL,LIMIT,1702111380394,1829,2.4307495
WLDUSDT,SELL,LIMIT,1702111382307,5,2.4296219
WLDUSDT,SELL,LIMIT,1702111383654,199,2.4299910
WLDUSDT,SELL,LIMIT,1702111386281,130,2.4266349
WLDUSDT,SELL,LIMIT,1702111387348,5,2.4277090
WLDUSDT,SELL,LIMIT,1702111388500,83,2.4248839
WLDUSDT,SELL,LIMIT,1702111390026,518,2.4233721
WLDUSDT,SELL,LIMIT,1702115621973,104,2.4333466
WLDUSDT,BUY,LIMIT,1702125784347,16,2.5221247
WLDUSDT,BUY,LIMIT,1702125939870,16,2.5299911
WLDUSDT,BUY,LIMIT,1702126111611,47,2.5412371
WLDUSDT,BUY,LIMIT,1702126130146,41,2.5437357
WLDUSDT,BUY,LIMIT,1702126297493,27,2.5375884
WLDUSDT,BUY,LIMIT,1702131884271,18,2.5586380
WLDUSDT,BUY,LIMIT,1702132096052,254,2.5714479
WLDUSDT,BUY,LIMIT,1702132106595,10,2.5745158
WLDUSDT,BUY,LIMIT,1702132115276,20,2.5753876
WLDUSDT,SELL,LIMIT,1702132675628,62,2.4947868
WLDUSDT,SELL,LIMIT,1702132994482,310,2.4771826
WLDUSDT,SELL,LIMIT,1702133000760,251,2.4726833
WLDUSDT,SELL,LIMIT,1702133004034,58,2.4703287
WLDUSDT,SELL,LIMIT,1702133005076,33,2.4838520
WLDUSDT,SELL,LIMIT,1702133006506,2018,2.4725386
WLDUSDT,SELL,LIMIT,1702133008387,717,2.4655113
WLDUSDT,BUY,LIMIT,1702134215610,18,2.5422575
WLDUSDT,BUY,LIMIT,1702137050159,231,2.5498518
WLDUSDT,BUY,LIMIT,1702137081541,400,2.5547258
WLDUSDT,SELL,LIMIT,1702139264073,51,2.4930226
WLDUSDT,SELL,LIMIT,1702139275905,9,2.4910420
WLDUSDT,BUY,LIMIT,1702139716389,350,2.5806370
WLDUSDT,BUY,LIMIT,1702139717715,175,2.5821302
WLDUSDT,BUY,LIMIT,1702139733698,62,2.5861817
WLDUSDT,BUY,LIMIT,1702139739530,91,2.5873485
WLDUSDT,BUY,LIMIT,1702139741191,461,2.5879614
WLDUSDT,BUY,LIMIT,1702139746609,618,2.5902401
WLDUSDT,BUY,LIMIT,1702139751550,137,2.5910761
WLDUSDT,BUY,LIMIT,1702139763084,7,2.5938780
WLDUSDT,BUY,LIMIT,1702139769130,1961,2.5944171
WLDUSDT,BUY,LIMIT,1702139785953,345,2.6002033
WLDUSDT,BUY,LIMIT,1702139792918,350,2.6016902
WLDUSDT,BUY,LIMIT,1702139794907,14,2.6023573
WLDUSDT,BUY,LIMIT,1702139804887,318,2.6037960
WLDUSDT,BUY,LIMIT,1702139811608,270,2.6061844
WLDUSDT,BUY,LIMIT,1702139822369,141,2.6069229
WLDUSDT,BUY,LIMIT,1702139834375,1973,2.6101286
WLDUSDT,BUY,LIMIT,1702139836385,40,2.6105858
WLDUSDT,BUY,LIMIT,1702139863741,1389,2.6128959
WLDUSDT,BUY,LIMIT,1702139877222,488,2.6150439
WLDUSDT,SELL,LIMIT,1702140136082,3,2.5337191
WLDUSDT,SELL,LIMIT,1702140708161,4,2.5090274
WLDUSDT,SELL,LIMIT,1702140882961,86,2.5077629
WLDUSDT,SELL,LIMIT,1702141413616,14,2.4966835
WLDUSDT,SELL,LIMIT,1702141629500,376,2.4896818
WLDUSDT,SELL,LIMIT,1702141674670,500,2.4840668
WLDUSDT,SELL,LIMIT,1702141693368,60,2.4848438
WLDUSDT,SELL,LIMIT,1702141703132,41,2.4824194
WLDUSDT,SELL,LIMIT,1702141706617,42,2.4818665
WLDUSDT,SELL,LIMIT,1702141960657,118,2.4723795
WLDUSDT,SELL,LIMIT,1702142078459,203,2.4661833
WLDUSDT,SELL,LIMIT,1702144719102,66,2.4750112
WLDUSDT,SELL,LIMIT,1702145454230,157,2.4602104
WLDUSDT,SELL,LIMIT,1702145456777,1521,2.4583417
WLDUSDT,SELL,LIMIT,1702145472094,69,2.4546911
WLDUSDT,SELL,LIMIT,1702145473271,4,2.4550877
WLDUSDT,SELL,LIMIT,1702145480196,74,2.4525269
WLDUSDT,SELL,LIMIT,1702145481791,11,2.4508906
WLDUSDT,SELL,LIMIT,1702145483902,105,2.4499340
WLDUSDT,BUY,LIMIT,1702146890653,115,2.5247757
WLDUSDT,SELL,LIMIT,1702153624596,59,2.4746323
WLDUSDT,SELL,LIMIT,1702153699316,86,2.4678721
WLDUSDT,SELL,LIMIT,1702153879829,16,2.4572901
WLDUSDT,SELL,LIMIT,1702156258154,169,2.4561379
WLDUSDT,SELL,LIMIT,1702156358397,10,2.4616054
WLDUSDT,SELL,LIMIT,1702156368596,5,2.4549989
WLDUSDT,SELL,LIMIT,1702161383152,504,2.4859532
WLDUSDT,SELL,LIMIT,1702162579290,40,2.4665718
WLDUSDT,SELL,LIMIT,1702164049463,517,2.4686170
WLDUSDT,SELL,LIMIT,1702164115703,23,2.4656941
WLDUSDT,SELL,LIMIT,1702164203305,309,2.4617053
WLDUSDT,SELL,LIMIT,1702164213022,87,2.4587663
WLDUSDT,SELL,LIMIT,1702164300504,75,2.4525194
WLDUSDT,SELL,LIMIT,1702164504278,10,2.4512004
WLDUSDT,SELL,LIMIT,1702164539667,1991,2.4519582
WLDUSDT,SELL,LIMIT,1702164546264,6,2.4466472
WLDUSDT,SELL,LIMIT,1702164556874,83,2.4436387
WLDUSDT,SELL,LIMIT,1702164689402,343,2.4414841
WLDUSDT,SELL,LIMIT,1702164696919,22,2.4411325
WLDUSDT,SELL,LIMIT,1702164744412,200,2.4384650
WLDUSDT,SELL,LIMIT,1702164746575,10886,2.4156407
WLDUSDT,SELL,LIMIT,1702164747580,300,2.4363170
WLDUSDT,SELL,LIMIT,1702164749867,101,2.4355738
WLDUSDT,SELL,LIMIT,1702164751595,974,2.4355047
WLDUSDT,SELL,LIMIT,1702164752765,37,2.4337301
WLDUSDT,SELL,LIMIT,1702164791451,602,2.4325121
WLDUSDT,SELL,LIMIT,1702164795409,72,2.4321415
WLDUSDT,SELL,LIMIT,1702164800088,1999,2.4314666
WLDUSDT,SELL,LIMIT,1702164801695,24,2.5100937
WLDUSDT,SELL,LIMIT,1702164804414,2116,2.4273364
WLDUSDT,SELL,LIMIT,1702164806078,83,2.4286356
WLDUSDT,SELL,LIMIT,1702164807319,1065,2.4316738
WLDUSDT,SELL,LIMIT,1702164808505,1556,2.4336160
WLDUSDT,SELL,LIMIT,1702164809542,18,2.4248932
WLDUSDT,SELL,LIMIT,1702164811251,64,2.4240588
WLDUSDT,SELL,LIMIT,1702164847708,174,2.4257432
WLDUSDT,SELL,LIMIT,1702164866062,60,2.4212127
WLDUSDT,SELL,LIMIT,1702164867208,18,2.4221943
WLDUSDT,SELL,LIMIT,1702164868375,462,2.4209751
WLDUSDT,SELL,LIMIT,1702164869691,28,2.4193394
WLDUSDT,SELL,LIMIT,1702164871281,1914,2.4186869
WLDUSDT,BUY,LIMIT,1702165634908,362,2.5027150
WLDUSDT,BUY,LIMIT,1702166171407,994,2.5122030
WLDUSDT,BUY,LIMIT,1702166778248,222,2.5222621
WLDUSDT,BUY,LIMIT,1702168235702,118,2.5577633
WLDUSDT,BUY,LIMIT,1702168237382,1047,2.5713546
WLDUSDT,BUY,LIMIT,1702168326266,1277,2.5997138
WLDUSDT,BUY,LIMIT,1702168342191,17,2.6070167
WLDUSDT,BUY,LIMIT,1702168574748,688,2.6146838
WLDUSDT,BUY,LIMIT,1702168577767,3,2.6234433
WLDUSDT,BUY,LIMIT,1702168579334,52,2.6237486
WLDUSDT,BUY,LIMIT,1702168601380,3515,2.6376498
WLDUSDT,BUY,LIMIT,1702168616329,3,2.6271154
WLDUSDT,BUY,LIMIT,1702172613298,281,2.6130335
WLDUSDT,BUY,LIMIT,1702172656772,32,2.6192833
WLDUSDT,BUY,LIMIT,1702173326105,662,2.6319249
WLDUSDT,BUY,LIMIT,1702173333002,237,2.6342552
WLDUSDT,BUY,LIMIT,1702173379011,2,2.6344549
WLDUSDT,BUY,LIMIT,1702173380384,5,2.6349997
WLDUSDT,BUY,LIMIT,1702173399236,45,2.6364772
WLDUSDT,BUY,LIMIT,1702173400257,3,2.6368571
WLDUSDT,BUY,LIMIT,1702173402060,73,2.6423391
WLDUSDT,BUY,LIMIT,1702173403443,552,2.6449781
WLDUSDT,BUY,LIMIT,1702174066671,38,2.6073847
WLDUSDT,BUY,LIMIT,1702174476123,15,2.6452831
WLDUSDT,SELL,LIMIT,1702174855825,85,2.5744951
WLDUSDT,SELL,LIMIT,1702177495497,391,2.5582503
WLDUSDT,SELL,LIMIT,1702177674055,1103,2.5552723
WLDUSDT,SELL,LIMIT,1702177684377,12,2.5529743
WLDUSDT,SELL,LIMIT,1702179766379,153,2.5495003
WLDUSDT,SELL,LIMIT,1702179768877,1238,2.5482230
WLDUSDT,SELL,LIMIT,1702179771874,2,2.5477021
WLDUSDT,BUY,LIMIT,1702181968890,984,2.6288529
WLDUSDT,BUY,LIMIT,1702187486249,13,2.6364923
WLDUSDT,BUY,LIMIT,1702187525441,211,2.6382698
WLDUSDT,BUY,LIMIT,1702187565800,5,2.6405988
WLDUSDT,BUY,LIMIT,1702188256042,53,2.6457861
WLDUSDT,BUY,LIMIT,1702188617381,3,2.6514800
WLDUSDT,BUY,LIMIT,1702188632070,5,2.6550638
WLDUSDT,BUY,LIMIT,1702188633249,6,2.6537745
WLDUSDT,BUY,LIMIT,1702188634758,176,2.6553081
WLDUSDT,BUY,LIMIT,1702188636515,529,2.6555122
WLDUSDT,BUY,LIMIT,1702188644346,217,2.6566081
WLDUSDT,BUY,LIMIT,1702188654127,372,2.6573730
WLDUSDT,BUY,LIMIT,1702188998387,38,2.6674787
WLDUSDT,BUY,LIMIT,1702189525851,20,2.6691605
WLDUSDT,BUY,LIMIT,1702189768130,468,2.6713012
WLDUSDT,BUY,LIMIT,1702189798088,7,2.6737116
WLDUSDT,BUY,LIMIT,1702190105961,7,2.6746941
WLDUSDT,BUY,LIMIT,1702190116253,110,2.6759472
WLDUSDT,BUY,LIMIT,1702190120411,1548,2.6813766
WLDUSDT,BUY,LIMIT,1702190131173,72,2.6829460
WLDUSDT,BUY,LIMIT,1702190143135,45,2.6850384
WLDUSDT,BUY,LIMIT,1702190144360,19,2.6841687
WLDUSDT,BUY,LIMIT,1702190147444,100,2.6856805
WLDUSDT,BUY,LIMIT,1702190151076,3,2.6878279
WLDUSDT,BUY,LIMIT,1702190153528,53,2.6892212
WLDUSDT,BUY,LIMIT,1702190157170,3,2.6947295
WLDUSDT,BUY,LIMIT,1702190158367,297,2.6927988
WLDUSDT,BUY,LIMIT,1702190161306,164,2.6960973
WLDUSDT,BUY,LIMIT,1702190939237,1896,2.7012703
WLDUSDT,BUY,LIMIT,1702191003122,395,2.7060560
WLDUSDT,BUY,LIMIT,1702191006431,842,2.7073845
WLDUSDT,BUY,LIMIT,1702191009458,50,2.7083583
WLDUSDT,BUY,LIMIT,1702191014307,56,2.7090088
WLDUSDT,BUY,LIMIT,1702191021981,116,2.7124290
WLDUSDT,BUY,LIMIT,1702191023346,18,2.7134166
WLDUSDT,BUY,LIMIT,1702191024772,1066,2.7159076
WLDUSDT,SELL,LIMIT,1702192405092,66,2.6317529
WLDUSDT,SELL,LIMIT,1702192596666,141,2.6214871
WLDUSDT,SELL,LIMIT,1702192609384,18,2.6161900
WLDUSDT,BUY,LIMIT,1702193548332,84,2.6917800
WLDUSDT,BUY,LIMIT,1702193668416,70,2.6837522
WLDUSDT,SELL,LIMIT,1702193829843,18,2.6101018
WLDUSDT,SELL,LIMIT,1702193832251,93,2.6097484
WLDUSDT,SELL,LIMIT,1702193834340,181,2.6084567
WLDUSDT,SELL,LIMIT,1702193840328,20,2.6063231
WLDUSDT,SELL,LIMIT,1702194119274,114,2.6008695
WLDUSDT,SELL,LIMIT,1702195401073,48,2.5968896
WLDUSDT,SELL,LIMIT,1702195480783,117,2.5918495
WLDUSDT,SELL,LIMIT,1702196181916,75,2.5958075
WLDUSDT,SELL,LIMIT,1702196305798,416,2.5880267
WLDUSDT,SELL,LIMIT,1702196309918,183,2.5863131
WLDUSDT,BUY,LIMIT,1702196442634,82,2.6459578
WLDUSDT,SELL,LIMIT,1702196708343,33,2.5789079
WLDUSDT,SELL,LIMIT,1702196709429,16,2.5783637
WLDUSDT,SELL,LIMIT,1702196714237,22,2.5718419
WLDUSDT,SELL,LIMIT,1702197046574,11,2.5692322
WLDUSDT,SELL,LIMIT,1702197050799,30,2.5640291
WLDUSDT,SELL,LIMIT,1702197052519,108,2.5618007
WLDUSDT,SELL,LIMIT,1702197076094,282,2.5611479
WLDUSDT,SELL,LIMIT,1702197078339,52,2.5596451
WLDUSDT,SELL,LIMIT,1702197229262,18,2.5553902
WLDUSDT,SELL,LIMIT,1702197230345,1841,2.5529738
WLDUSDT,SELL,LIMIT,1702197703028,7,2.5523774
WLDUSDT,SELL,LIMIT,1702197708027,1165,2.5480836
WLDUSDT,SELL,LIMIT,1702197777729,1800,2.5440227
WLDUSDT,SELL,LIMIT,1702197779392,30,2.5431731
WLDUSDT,SELL,LIMIT,1702197781085,334,2.5411588
WLDUSDT,SELL,LIMIT,1702197782532,3,2.5421493
WLDUSDT,SELL,LIMIT,1702200389924,175,2.5387331
WLDUSDT,SELL,LIMIT,1702200391594,63,2.5385435
WLDUSDT,SELL,LIMIT,1702200438646,2341,2.5297436
WLDUSDT,SELL,LIMIT,1702200450225,28,2.5353149
WLDUSDT,SELL,LIMIT,1702200613796,549,2.5316705
WLDUSDT,SELL,LIMIT,1702200631015,1513,2.5299664
WLDUSDT,SELL,LIMIT,1702200731113,10,2.5445478
WLDUSDT,SELL,LIMIT,1702200741565,196,2.5284139
WLDUSDT,SELL,LIMIT,1702200753095,10,2.5264556
WLDUSDT,SELL,LIMIT,1702200754886,44,2.5256084
WLDUSDT,SELL,LIMIT,1702200760166,15,2.5249951
WLDUSDT,SELL,LIMIT,1702200765554,1359,2.5238831
WLDUSDT,SELL,LIMIT,1702200796114,18,2.5191541
WLDUSDT,SELL,LIMIT,1702200941248,615,2.5215301
WLDUSDT,SELL,LIMIT,1702202272845,171,2.5558217
WLDUSDT,SELL,LIMIT,1702202291623,19,2.5410178
WLDUSDT,SELL,LIMIT,1702202297092,10,2.5404391
WLDUSDT,SELL,LIMIT,1702202323275,4,2.5387561
WLDUSDT,SELL,LIMIT,1702202373555,77,2.5356347
WLDUSDT,SELL,LIMIT,1702202380319,100,2.5340107
WLDUSDT,SELL,LIMIT,1702202390755,162,2.5291694
WLDUSDT,SELL,LIMIT,1702202401297,797,2.5273894
WLDUSDT,SELL,LIMIT,1702202407238,33,2.5281467
WLDUSDT,SELL,LIMIT,1702202408486,1945,2.5259985
WLDUSDT,BUY,LIMIT,1702202805431,27,2.6070654
WLDUSDT,BUY,LIMIT,1702205637391,1500,2.6418939
WLDUSDT,SELL,LIMIT,1702211879227,28,2.5591861
WLDUSDT,BUY,LIMIT,1702212824659,2,2.3695601
WLDUSDT,BUY,LIMIT,1702214280458,894,2.6374407
WLDUSDT,BUY,LIMIT,1702214302081,666,2.6399250
WLDUSDT,BUY,LIMIT,1702215422806,105,2.6550493
WLDUSDT,BUY,LIMIT,1702215467422,60,2.6559065
WLDUSDT,BUY,LIMIT,1702215468476,1542,2.6571473
WLDUSDT,BUY,LIMIT,1702215506165,17,2.6662593
WLDUSDT,BUY,LIMIT,1702215511246,9,2.6684605
WLDUSDT,BUY,LIMIT,1702215525666,8,2.6719632
WLDUSDT,BUY,LIMIT,1702215596424,46,2.6740474
WLDUSDT,BUY,LIMIT,1702215707634,5,2.6781090
WLDUSDT,BUY,LIMIT,1702215981194,81,2.6808661
WLDUSDT,BUY,LIMIT,1702215982249,227,2.6822933
WLDUSDT,SELL,LIMIT,1702216894164,2,2.6157001
WLDUSDT,SELL,LIMIT,1702218342385,21,2.6016761
WLDUSDT,SELL,LIMIT,1702218713077,3,2.5968706
WLDUSDT,BUY,LIMIT,1702220457119,14,2.6489917
WLDUSDT,BUY,LIMIT,1702223728150,154,2.6748163
WLDUSDT,BUY,LIMIT,1702225756062,41,2.6840590
WLDUSDT,SELL,LIMIT,1702226221608,191,2.6035414
WLDUSDT,SELL,LIMIT,1702226311881,49,2.5925181
WLDUSDT,SELL,LIMIT,1702226337131,127,2.5921105
WLDUSDT,SELL,LIMIT,1702226341897,8,2.5916690
WLDUSDT,SELL,LIMIT,1702226347392,310,2.5907245
WLDUSDT,BUY,LIMIT,1702226838329,74,2.6398644
WLDUSDT,BUY,LIMIT,1702227473078,19,2.6614510
WLDUSDT,BUY,LIMIT,1702228707828,310,2.6567040
WLDUSDT,SELL,LIMIT,1702229074393,80,2.6878882
WLDUSDT,BUY,LIMIT,1702229159090,805,2.6771730
WLDUSDT,BUY,LIMIT,1702230539204,80,2.6855018
WLDUSDT,BUY,LIMIT,1702230903337,12,2.6901357
WLDUSDT,BUY,LIMIT,1702231599182,352,2.6951762
WLDUSDT,BUY,LIMIT,1702231617218,37,2.6966047
WLDUSDT,BUY,LIMIT,1702231756525,181,2.6994467
WLDUSDT,BUY,LIMIT,1702231778720,5,2.7016302
WLDUSDT,BUY,LIMIT,1702232281291,1333,2.7040371
WLDUSDT,BUY,LIMIT,1702232385209,12340,2.7319585
WLDUSDT,BUY,LIMIT,1702232396812,3,2.7080480
WLDUSDT,BUY,LIMIT,1702232424490,27,2.7095314
WLDUSDT,BUY,LIMIT,1702232444084,265,2.7101601
WLDUSDT,BUY,LIMIT,1702232645105,580,2.7133545
WLDUSDT,BUY,LIMIT,1702232748949,1796,2.7131630
WLDUSDT,BUY,LIMIT,1702232856575,215,2.7147271
WLDUSDT,BUY,LIMIT,1702232890116,164,2.7164043
WLDUSDT,SELL,LIMIT,1702237387046,86,2.6197281
WLDUSDT,BUY,LIMIT,1702237701116,2,2.6741920
WLDUSDT,BUY,LIMIT,1702238373058,842,2.6822570
WLDUSDT,SELL,LIMIT,1702239044531,175,2.6178088
WLDUSDT,SELL,LIMIT,1702239357549,449,2.6156649
WLDUSDT,SELL,LIMIT,1702239472507,60,2.6135501
WLDUSDT,BUY,LIMIT,1702239569283,16,2.6674100
WLDUSDT,BUY,LIMIT,1702240363281,4,2.6723182
WLDUSDT,BUY,LIMIT,1702240764112,47,2.6793090
WLDUSDT,BUY,LIMIT,1702240887470,2084,2.6891555
WLDUSDT,SELL,LIMIT,1702241052183,50,2.6961799
WLDUSDT,BUY,LIMIT,1702242342916,380,2.7139131
WLDUSDT,BUY,LIMIT,1702242394375,1010,2.7171582
WLDUSDT,BUY,LIMIT,1702242396390,1515,2.7217126
WLDUSDT,BUY,LIMIT,1702242399162,96,2.7222261
WLDUSDT,BUY,LIMIT,1702242425107,208,2.7218218
WLDUSDT,BUY,LIMIT,1702242850607,917,2.7227111
WLDUSDT,BUY,LIMIT,1702242870902,12,2.7232895
WLDUSDT,BUY,LIMIT,1702242874069,2671,2.7343236
WLDUSDT,BUY,LIMIT,1702242876655,35,2.7266515
WLDUSDT,BUY,LIMIT,1702243168113,40,2.7269091
WLDUSDT,BUY,LIMIT,1702243197495,178,2.7293667
WLDUSDT,BUY,LIMIT,1702243198495,3,2.7282879
WLDUSDT,SELL,LIMIT,1702243701433,1386,2.6548073
WLDUSDT,SELL,LIMIT,1702243721536,63,2.6458055
WLDUSDT,SELL,LIMIT,1702243984131,100,2.6415727
WLDUSDT,SELL,LIMIT,1702244014291,350,2.6398731
WLDUSDT,BUY,LIMIT,1702244464876,20,2.7223264
WLDUSDT,BUY,LIMIT,1702244540783,84,2.7309254
WLDUSDT,BUY,LIMIT,1702244549063,68,2.7329367
WLDUSDT,BUY,LIMIT,1702244614079,102,2.7341442
WLDUSDT,BUY,LIMIT,1702244617553,30,2.7347147
WLDUSDT,BUY,LIMIT,1702244622230,20,2.7347951
WLDUSDT,BUY,LIMIT,1702244723433,152,2.7363654
WLDUSDT,BUY,LIMIT,1702244726985,22,2.7376459
WLDUSDT,BUY,LIMIT,1702244729185,10,2.7409224
WLDUSDT,BUY,LIMIT,1702244739545,1126,2.7428169
WLDUSDT,BUY,LIMIT,1702244745980,22,2.7438254
WLDUSDT,BUY,LIMIT,1702244800111,4,2.7456165
WLDUSDT,BUY,LIMIT,1702244801151,84,2.7470254
WLDUSDT,BUY,LIMIT,1702244824592,402,2.7492030
WLDUSDT,BUY,LIMIT,1702244826064,2,2.7498076
WLDUSDT,BUY,LIMIT,1702245170233,15,2.7510692
WLDUSDT,BUY,LIMIT,1702245182368,35,2.7522509
WLDUSDT,BUY,LIMIT,1702245299269,302,2.7560938
WLDUSDT,BUY,LIMIT,1702245303656,38,2.7572303
WLDUSDT,BUY,LIMIT,1702245307256,746,2.7579944
WLDUSDT,BUY,LIMIT,1702245308395,604,2.7596299
WLDUSDT,BUY,LIMIT,1702245314031,684,2.7618840
WLDUSDT,BUY,LIMIT,1702245315662,191,2.7633056
WLDUSDT,BUY,LIMIT,1702245317104,128,2.7635541
WLDUSDT,BUY,LIMIT,1702245329107,337,2.7668283
WLDUSDT,BUY,LIMIT,1702245330328,108,2.7672635
WLDUSDT,BUY,LIMIT,1702245631140,258,2.7679192
WLDUSDT,BUY,LIMIT,1702245633367,104,2.7686223
WLDUSDT,BUY,LIMIT,1702245641572,4,2.7690882
WLDUSDT,BUY,LIMIT,1702245642592,125,2.7726217
WLDUSDT,BUY,LIMIT,1702245646488,300,2.7737552
WLDUSDT,BUY,LIMIT,1702245656170,144,2.7749807
WLDUSDT,BUY,LIMIT,1702245657779,52,2.7754802
WLDUSDT,BUY,LIMIT,1702247046201,194,2.7539666
WLDUSDT,SELL,LIMIT,1702247537182,2,2.6853236
WLDUSDT,SELL,LIMIT,1702248802145,237,2.6794034
WLDUSDT,SELL,LIMIT,1702249670917,36,2.6731959
WLDUSDT,SELL,LIMIT,1702250101166,189,2.6722150
WLDUSDT,SELL,LIMIT,1702250138654,131,2.6645134
WLDUSDT,SELL,LIMIT,1702250150353,29,2.6624193
WLDUSDT,SELL,LIMIT,1702250249852,19,2.6552526
WLDUSDT,BUY,LIMIT,1702253834533,113,2.7113475
WLDUSDT,SELL,LIMIT,1702255839341,185,2.6433278
WLDUSDT,SELL,LIMIT,1702255851645,254,2.6421512
WLDUSDT,SELL,LIMIT,1702256214067,202,2.6242177
WLDUSDT,SELL,LIMIT,1702256302386,488,2.6216413
WLDUSDT,SELL,LIMIT,1702256314583,223,2.6198626
WLDUSDT,SELL,LIMIT,1702256316597,29,2.6198479
WLDUSDT,SELL,LIMIT,1702256479385,97,2.6170651
WLDUSDT,SELL,LIMIT,1702256575182,82,2.6107291
WLDUSDT,SELL,LIMIT,1702256580804,340,2.6092235
WLDUSDT,SELL,LIMIT,1702256610507,404,2.6051729
WLDUSDT,SELL,LIMIT,1702256615332,157,2.6028702
WLDUSDT,SELL,LIMIT,1702256620302,37,2.6004331
WLDUSDT,SELL,LIMIT,1702256727364,59,2.6042553
WLDUSDT,SELL,LIMIT,1702256917248,61,2.6178576
WLDUSDT,SELL,LIMIT,1702256988671,1825,2.5974064
WLDUSDT,SELL,LIMIT,1702256992618,4,2.5955149
WLDUSDT,SELL,LIMIT,1702256993969,903,2.5944931
WLDUSDT,SELL,LIMIT,1702256996658,72,2.5940139
WLDUSDT,SELL,LIMIT,1702256998466,212,2.5920450
WLDUSDT,SELL,LIMIT,1702257006892,1035,2.5908419
WLDUSDT,SELL,LIMIT,1702257008380,8,2.5885688
WLDUSDT,BUY,LIMIT,1702257776186,142,2.6832945
WLDUSDT,BUY,LIMIT,1702259077350,191,2.6982097
WLDUSDT,BUY,LIMIT,1702259098650,69,2.7024700
WLDUSDT,BUY,LIMIT,1702259141809,7,2.7073555
WLDUSDT,BUY,LIMIT,1702259193124,562,2.7147446
WLDUSDT,BUY,LIMIT,1702259194625,382,2.7173689
WLDUSDT,BUY,LIMIT,1702260283919,500,2.6862356
WLDUSDT,SELL,LIMIT,1702260327178,51,2.6362200
WLDUSDT,BUY,LIMIT,1702260428968,92,2.6853792
WLDUSDT,SELL,LIMIT,1702260437995,726,2.6275048
WLDUSDT,SELL,LIMIT,1702260439561,26,2.6285826
WLDUSDT,SELL,LIMIT,1702260485115,200,2.6227800
WLDUSDT,SELL,LIMIT,1702260632548,1661,2.6269375
WLDUSDT,SELL,LIMIT,1702260636166,773,2.6186463
WLDUSDT,SELL,LIMIT,1702260637375,38,2.6148751
WLDUSDT,SELL,LIMIT,1702260667813,161,2.6072641
WLDUSDT,SELL,LIMIT,1702260677194,148,2.6062094
WLDUSDT,SELL,LIMIT,1702260690484,807,2.6076551
WLDUSDT,SELL,LIMIT,1702260693143,3,2.6027539
WLDUSDT,SELL,LIMIT,1702260694495,555,2.5990471
WLDUSDT,SELL,LIMIT,1702260695837,171,2.5995421
WLDUSDT,SELL,LIMIT,1702260698385,1351,2.6003732
WLDUSDT,SELL,LIMIT,1702260700732,19,2.5966555
WLDUSDT,SELL,LIMIT,1702260705860,19,2.5946983
WLDUSDT,SELL,LIMIT,1702260707137,738,2.5907119
WLDUSDT,SELL,LIMIT,1702260708172,11,2.6459789
WLDUSDT,SELL,LIMIT,1702260709277,16,2.5866793
WLDUSDT,SELL,LIMIT,1702260710448,1066,2.6382759
WLDUSDT,SELL,LIMIT,1702260711571,36,2.5854841
WLDUSDT,SELL,LIMIT,1702260713530,38,2.5833160
WLDUSDT,SELL,LIMIT,1702260714578,82,2.5789062
WLDUSDT,SELL,LIMIT,1702260715584,4,2.5780111
WLDUSDT,SELL,LIMIT,1702260716666,92,2.5740387
WLDUSDT,SELL,LIMIT,1702260717735,655,2.5681065
WLDUSDT,SELL,LIMIT,1702260718754,30,2.5687807
WLDUSDT,SELL,LIMIT,1702260719832,165,2.5610300
WLDUSDT,SELL,LIMIT,1702260721640,98,2.5621772
WLDUSDT,SELL,LIMIT,1702260723384,30,2.5776265
WLDUSDT,SELL,LIMIT,1702260725232,74,2.5591677
WLDUSDT,SELL,LIMIT,1702260726472,6,2.5560506
WLDUSDT,SELL,LIMIT,1702260727515,29,2.5543912
WLDUSDT,SELL,LIMIT,1702260728594,1032,2.5522576
WLDUSDT,SELL,LIMIT,1702260729642,114,2.5547562
WLDUSDT,SELL,LIMIT,1702260730702,107,2.5435806
WLDUSDT,SELL,LIMIT,1702260731744,318,2.5451305
WLDUSDT,SELL,LIMIT,1702260732818,392,2.5453011
WLDUSDT,SELL,LIMIT,1702260733995,6,2.5505085
WLDUSDT,SELL,LIMIT,1702260735708,641,2.5639802
WLDUSDT,SELL,LIMIT,1702260736783,15313,2.5184429
WLDUSDT,SELL,LIMIT,1702260738126,377,2.5396193
WLDUSDT,SELL,LIMIT,1702260739307,543,2.5368266
WLDUSDT,SELL,LIMIT,1702260740363,258,2.5276387
WLDUSDT,SELL,LIMIT,1702260741448,75,2.5273306
WLDUSDT,SELL,LIMIT,1702260742589,178,2.5158420
WLDUSDT,SELL,LIMIT,1702260744539,10,2.5315124
WLDUSDT,SELL,LIMIT,1702260745566,207,2.5094473
WLDUSDT,SELL,LIMIT,1702260746623,2036,2.5072489
WLDUSDT,SELL,LIMIT,1702260747703,37,2.5084243
WLDUSDT,SELL,LIMIT,1702260748783,2,2.5566214
WLDUSDT,SELL,LIMIT,1702260749943,207,2.5050378
WLDUSDT,SELL,LIMIT,1702260751498,224,2.5027371
WLDUSDT,SELL,LIMIT,1702260752825,7,2.5044662
WLDUSDT,SELL,LIMIT,1702260753863,282,2.4987359
WLDUSDT,SELL,LIMIT,1702260754876,7,2.5003743
WLDUSDT,SELL,LIMIT,1702260755895,1554,2.4824422
WLDUSDT,SELL,LIMIT,1702260756915,65,2.5090897
WLDUSDT,SELL,LIMIT,1702260757993,2000,2.4940673
WLDUSDT,SELL,LIMIT,1702260759055,143,2.4613633
WLDUSDT,SELL,LIMIT,1702260760126,2,2.4554436
WLDUSDT,SELL,LIMIT,1702260761246,65,2.4499279
WLDUSDT,SELL,LIMIT,1702260762267,2311,2.4474560
WLDUSDT,SELL,LIMIT,1702260763613,15,2.4444557
WLDUSDT,SELL,LIMIT,1702260764631,1600,2.4471271
WLDUSDT,SELL,LIMIT,1702260765650,80,2.4471272
WLDUSDT,SELL,LIMIT,1702260766681,267,2.4439520
WLDUSDT,SELL,LIMIT,1702260767883,2,2.4376041
WLDUSDT,SELL,LIMIT,1702260768941,6339,2.4208693
WLDUSDT,SELL,LIMIT,1702260769892,50,2.4374079
WLDUSDT,SELL,LIMIT,1702260771007,50,2.4313825
WLDUSDT,SELL,LIMIT,1702260772014,3,2.4255794
WLDUSDT,SELL,LIMIT,1702260773147,15978,2.3997806
WLDUSDT,SELL,LIMIT,1702260774206,858,2.4076595
WLDUSDT,SELL,LIMIT,1702260775219,60,2.4232190
WLDUSDT,SELL,LIMIT,1702260776263,1769,2.4124993
WLDUSDT,SELL,LIMIT,1702260777320,330,2.4099370
WLDUSDT,SELL,LIMIT,1702260778327,184,2.4098041
WLDUSDT,SELL,LIMIT,1702260779454,461,2.4098041
WLDUSDT,SELL,LIMIT,1702260780473,363,2.4071850
WLDUSDT,SELL,LIMIT,1702260781550,11141,2.3867605
WLDUSDT,SELL,LIMIT,1702260782721,437,2.4107442
WLDUSDT,SELL,LIMIT,1702260783763,14,2.4056823
WLDUSDT,SELL,LIMIT,1702260784771,583,2.3998839
WLDUSDT,SELL,LIMIT,1702260785965,17958,2.3728694
WLDUSDT,SELL,LIMIT,1702260787107,199,2.3994802
WLDUSDT,SELL,LIMIT,1702260788240,26,2.3968498
WLDUSDT,SELL,LIMIT,1702260789393,2,2.3933246
WLDUSDT,SELL,LIMIT,1702260790432,1987,2.3726699
WLDUSDT,SELL,LIMIT,1702260791465,39,2.3921270
WLDUSDT,SELL,LIMIT,1702260792538,56,2.3904812
WLDUSDT,SELL,LIMIT,1702260793621,35,2.4623969
WLDUSDT,SELL,LIMIT,1702260794681,3009,2.3826176
WLDUSDT,SELL,LIMIT,1702260795798,1473,2.3864983
WLDUSDT,SELL,LIMIT,1702260797287,56,2.5590412
WLDUSDT,SELL,LIMIT,1702260798453,709,2.3922589
WLDUSDT,SELL,LIMIT,1702260799736,1209,2.3996806
WLDUSDT,SELL,LIMIT,1702260800766,2,2.3828756
WLDUSDT,SELL,LIMIT,1702260801783,391,2.3845479
WLDUSDT,SELL,LIMIT,1702260803263,203,2.3855681
WLDUSDT,SELL,LIMIT,1702260804361,50,2.3843954
WLDUSDT,SELL,LIMIT,1702260805363,244,2.3794183
WLDUSDT,SELL,LIMIT,1702260806498,402,2.3772983
WLDUSDT,SELL,LIMIT,1702260807740,38,2.3800100
WLDUSDT,SELL,LIMIT,1702260809126,3026,2.3971112
WLDUSDT,SELL,LIMIT,1702260810140,27,2.3771172
WLDUSDT,SELL,LIMIT,1702260811274,4,2.3715777
WLDUSDT,SELL,LIMIT,1702260812347,1971,2.3677826
WLDUSDT,SELL,LIMIT,1702260813418,46,2.3656404
WLDUSDT,SELL,LIMIT,1702260814678,130,2.3767929
WLDUSDT,SELL,LIMIT,1702260815874,275,2.3653565
WLDUSDT,SELL,LIMIT,1702260817392,61,2.3638661
WLDUSDT,SELL,LIMIT,1702260818446,1997,2.3624764
WLDUSDT,SELL,LIMIT,1702260819449,530,2.3577733
WLDUSDT,SELL,LIMIT,1702260820815,192,2.3552796
WLDUSDT,SELL,LIMIT,1702260822026,15273,2.3275276
WLDUSDT,SELL,LIMIT,1702260824110,24,2.3540231
WLDUSDT,SELL,LIMIT,1702260825122,88,2.3538311
WLDUSDT,SELL,LIMIT,1702260828842,137,2.3578831
WLDUSDT,BUY,LIMIT,1702260831807,167,2.4137619
WLDUSDT,SELL,LIMIT,1702260834802,180,2.3790231
WLDUSDT,BUY,LIMIT,1702260840393,46,2.4581814
WLDUSDT,BUY,LIMIT,1702260841602,969,2.4467069
WLDUSDT,BUY,LIMIT,1702260851815,109,2.4740534
WLDUSDT,BUY,LIMIT,1702260856549,4,2.4807620
WLDUSDT,BUY,LIMIT,1702260871885,4,2.4861150
WLDUSDT,BUY,LIMIT,1702260876726,1,2.4894790
WLDUSDT,BUY,LIMIT,1702260887224,26,2.4934911
WLDUSDT,BUY,LIMIT,1702260915008,58,2.5180822
WLDUSDT,SELL,LIMIT,1702260988486,50,2.4526626
WLDUSDT,BUY,LIMIT,1702261014971,10,2.4754797
WLDUSDT,BUY,LIMIT,1702261120252,6,2.5452148
WLDUSDT,BUY,LIMIT,1702261328205,163,2.5791672
WLDUSDT,BUY,LIMIT,1702261423703,5,2.6077060
WLDUSDT,BUY,LIMIT,1702261782642,394,2.6192628
WLDUSDT,SELL,LIMIT,1702262249905,232,2.5252949
WLDUSDT,SELL,LIMIT,1702262276131,22,2.5217441
WLDUSDT,SELL,LIMIT,1702262615563,47,2.4999070
WLDUSDT,SELL,LIMIT,1702262874225,56,2.4961897
WLDUSDT,SELL,LIMIT,1702263007657,36,2.5227686
WLDUSDT,BUY,LIMIT,1702263013384,135,2.5780199
WLDUSDT,BUY,LIMIT,1702264149291,194,2.6240131
WLDUSDT,BUY,LIMIT,1702264272338,603,2.6362553
WLDUSDT,BUY,LIMIT,1702264275891,29,2.6378920
WLDUSDT,BUY,LIMIT,1702264291476,1929,2.6417522
WLDUSDT,BUY,LIMIT,1702264294921,82,2.6428107
WLDUSDT,BUY,LIMIT,1702264304266,1461,2.6463733
WLDUSDT,BUY,LIMIT,1702264507193,54,2.6591614
WLDUSDT,BUY,LIMIT,1702264519190,1600,2.6618276
WLDUSDT,BUY,LIMIT,1702265127063,19,2.6718760
WLDUSDT,BUY,LIMIT,1702265269099,150,2.6779662
WLDUSDT,BUY,LIMIT,1702265271844,101,2.6787026
WLDUSDT,BUY,LIMIT,1702266000873,1115,2.6801741
WLDUSDT,SELL,LIMIT,1702266817202,154,2.6026489
WLDUSDT,SELL,LIMIT,1702267119507,3,2.6004822
WLDUSDT,SELL,LIMIT,1702267139923,3,2.5936945
WLDUSDT,SELL,LIMIT,1702267140936,14,2.5775783
WLDUSDT,SELL,LIMIT,1702267220838,1900,2.5631922
WLDUSDT,SELL,LIMIT,1702268178098,15,2.5564543
WLDUSDT,SELL,LIMIT,1702268179105,62,2.5523528
WLDUSDT,SELL,LIMIT,1702268215224,176,2.5507762
