Symbol,Side,Order Type,Time,Quantity,Price
WLDUSDT,BUY,LIMIT,1700846237129,1890,2.5686354
WLDUSDT,BUY,LIMIT,1700846239297,3,2.5733444
WLDUSDT,BUY,LIMIT,1700846444357,4,2.5787635
WLDUSDT,BUY,LIMIT,1700846445365,1254,2.5765098
WLDUSDT,BUY,LIMIT,1700846463906,23,2.5800719
WLDUSDT,BUY,LIMIT,1700846469626,44,2.5803928
WLDUSDT,BUY,LIMIT,1700846472165,202,2.5822294
WLDUSDT,BUY,LIMIT,1700846474090,19,2.5827772
WLDUSDT,BUY,LIMIT,1700846561578,56,2.5866675
WLDUSDT,BUY,LIMIT,1700846690133,14,2.5895315
WLDUSDT,BUY,LIMIT,1700846778559,36,2.5903887
WLDUSDT,BUY,LIMIT,1700846792277,25,2.5931480
WLDUSDT,BUY,LIMIT,1700846833271,78,2.5943870
WLDUSDT,BUY,LIMIT,1700846850613,30,2.5949226
WLDUSDT,BUY,LIMIT,1700847650194,194,2.5754524
WLDUSDT,BUY,LIMIT,1700848633798,496,2.5640870
WLDUSDT,BUY,LIMIT,1700849347654,1017,2.5823169
WLDUSDT,BUY,LIMIT,1700849352074,76,2.5834053
WLDUSDT,BUY,LIMIT,1700849363014,225,2.5846067
WLDUSDT,SELL,LIMIT,1700850293252,5,2.5022240
WLDUSDT,SELL,LIMIT,1700850296064,40,2.4997841
WLDUSDT,SELL,LIMIT,1700852922078,76,2.4801142
WLDUSDT,SELL,LIMIT,1700852923094,22,2.4833392
WLDUSDT,SELL,LIMIT,1700852932260,1979,2.4747031
WLDUSDT,SELL,LIMIT,1700853147275,227,2.4709425
WLDUSDT,SELL,LIMIT,1700853213820,890,2.4663484
WLDUSDT,SELL,LIMIT,1700853708145,42,2.4644071
WLDUSDT,SELL,LIMIT,1700854423054,1969,2.4606415
WLDUSDT,SELL,LIMIT,1700854424194,636,2.4598555
WLDUSDT,SELL,LIMIT,1700859038217,123,2.4862308
WLDUSDT,BUY,LIMIT,1700859107229,3,2.5390647
WLDUSDT,BUY,LIMIT,1700859360339,666,2.5484112
WLDUSDT,BUY,LIMIT,1700860055003,4,2.5608902
WLDUSDT,BUY,LIMIT,1700860116884,3,2.5648399
WLDUSDT,BUY,LIMIT,1700860140267,361,2.5659610
WLDUSDT,BUY,LIMIT,1700860279831,264,2.5700590
WLDUSDT,SELL,LIMIT,1700860792006,495,2.5122859
WLDUSDT,BUY,LIMIT,1700862260948,6,2.5625720
WLDUSDT,SELL,LIMIT,1700863835430,846,2.4771239
WLDUSDT,SELL,LIMIT,1700864537272,203,2.4643454
WLDUSDT,SELL,LIMIT,1700864554541,56,2.4610680
WLDUSDT,SELL,LIMIT,1700864605250,128,2.4595864
WLDUSDT,SELL,LIMIT,1700864647162,53,2.4513309
WLDUSDT,SELL,LIMIT,1700864648390,659,2.4536011
WLDUSDT,SELL,LIMIT,1700864804819,195,2.4460801
WLDUSDT,BUY,LIMIT,1700866245293,4,2.5053471
WLDUSDT,SELL,LIMIT,1700867060899,1075,2.4422997
WLDUSDT,SELL,LIMIT,1700867062993,11,2.4414391
WLDUSDT,SELL,LIMIT,1700867069348,269,2.4396051
WLDUSDT,SELL,LIMIT,1700867071047,87,2.4383036
WLDUSDT,SELL,LIMIT,1700867100438,37,2.4373557
WLDUSDT,SELL,LIMIT,1700867370470,174,2.4348891
WLDUSDT,SELL,LIMIT,1700867372031,185,2.4340465
WLDUSDT,SELL,LIMIT,1700867460713,122,2.4316911
WLDUSDT,SELL,LIMIT,1700867461999,1989,2.4294486
WLDUSDT,SELL,LIMIT,1700867473172,1818,2.4264711
WLDUSDT,SELL,LIMIT,1700867675952,115,2.4234367
WLDUSDT,SELL,LIMIT,1700867697115,124,2.4220403
WLDUSDT,SELL,LIMIT,1700867703307,196,2.4197929
WLDUSDT,SELL,LIMIT,1700870583178,305,2.4317763
WLDUSDT,SELL,LIMIT,1700870599999,79,2.4302171
WLDUSDT,SELL,LIMIT,1700870644232,5,2.4325319
WLDUSDT,SELL,LIMIT,1700870651658,20,2.4210498
WLDUSDT,BUY,LIMIT,1700871113102,450,2.5153661
WLDUSDT,BUY,LIMIT,1700871168157,35,2.5168664
WLDUSDT,BUY,LIMIT,1700871478601,132,2.5270538
WLDUSDT,BUY,LIMIT,1700871488764,160,2.5318174
WLDUSDT,BUY,LIMIT,1700871509165,496,2.5342750
WLDUSDT,BUY,LIMIT,1700871525120,27,2.5422439
WLDUSDT,BUY,LIMIT,1700873061055,78,2.5431400
WLDUSDT,BUY,LIMIT,1700873744888,518,2.5625128
WLDUSDT,BUY,LIMIT,1700874087647,61,2.5695584
WLDUSDT,BUY,LIMIT,1700874103117,284,2.5707360
WLDUSDT,BUY,LIMIT,1700874124705,386,2.5728845
WLDUSDT,BUY,LIMIT,1700874218068,31,2.5739009
WLDUSDT,BUY,LIMIT,1700874253631,1750,2.5744850
WLDUSDT,BUY,LIMIT,1700874661700,7,2.5777477
WLDUSDT,BUY,LIMIT,1700874706069,100,2.5791009
WLDUSDT,BUY,LIMIT,1700874709255,38,2.5810243
WLDUSDT,BUY,LIMIT,1700874714939,4,2.5814952
WLDUSDT,BUY,LIMIT,1700876184380,51,2.5900162
WLDUSDT,BUY,LIMIT,1700876189222,14,2.5914012
WLDUSDT,BUY,LIMIT,1700876203366,27,2.5951513
WLDUSDT,BUY,LIMIT,1700876205086,316,2.5958923
WLDUSDT,BUY,LIMIT,1700876207416,178,2.5975325
WLDUSDT,BUY,LIMIT,1700876263442,21,2.5984504
WLDUSDT,BUY,LIMIT,1700876291981,223,2.5981867
WLDUSDT,BUY,LIMIT,1700876295090,19,2.5991576
WLDUSDT,BUY,LIMIT,1700876299266,9,2.6007378
WLDUSDT,BUY,LIMIT,1700876302401,147,2.6021216
WLDUSDT,BUY,LIMIT,1700876307499,4,2.6040960
WLDUSDT,BUY,LIMIT,1700876310589,1211,2.6048526
WLDUSDT,BUY,LIMIT,1700876311827,94,2.6056036
WLDUSDT,BUY,LIMIT,1700876312912,53,2.6063509
WLDUSDT,BUY,LIMIT,1700876314027,59,2.6112522
WLDUSDT,BUY,LIMIT,1700876316418,201,2.6128180
WLDUSDT,BUY,LIMIT,1700876322022,149,2.6136889
WLDUSDT,BUY,LIMIT,1700876326981,1507,2.6149177
WLDUSDT,BUY,LIMIT,1700876328057,525,2.6161810
WLDUSDT,BUY,LIMIT,1700876329442,16,2.6180487
WLDUSDT,BUY,LIMIT,1700876333291,154,2.6196925
WLDUSDT,BUY,LIMIT,1700876774273,380,2.6210331
WLDUSDT,BUY,LIMIT,1700876776049,32,2.6236980
WLDUSDT,BUY,LIMIT,1700876777125,15,2.6235939
WLDUSDT,BUY,LIMIT,1700876778343,64,2.6240716
WLDUSDT,BUY,LIMIT,1700876779708,95,2.6277364
WLDUSDT,BUY,LIMIT,1700876782902,784,2.6312234
WLDUSDT,BUY,LIMIT,1700876824146,15,2.6297254
WLDUSDT,BUY,LIMIT,1700877372910,1828,2.6173422
WLDUSDT,BUY,LIMIT,1700877555629,59,2.6236770
WLDUSDT,BUY,LIMIT,1700877580935,400,2.6276974
WLDUSDT,BUY,LIMIT,1700877781975,81,2.6317165
WLDUSDT,BUY,LIMIT,1700877784238,184,2.6321260
WLDUSDT,BUY,LIMIT,1700877785939,2,2.6329028
WLDUSDT,BUY,LIMIT,1700877847076,49,2.6340572
WLDUSDT,BUY,LIMIT,1700877851277,52,2.6351693
WLDUSDT,BUY,LIMIT,1700877855074,15,2.6398423
WLDUSDT,BUY,LIMIT,1700877856119,8,2.6405065
WLDUSDT,BUY,LIMIT,1700877860139,57,2.6424230
WLDUSDT,BUY,LIMIT,1700877861308,45,2.6454960
WLDUSDT,BUY,LIMIT,1700877863338,6,2.6469890
WLDUSDT,BUY,LIMIT,1700877904019,503,2.6475737
WLDUSDT,BUY,LIMIT,1700877905301,1927,2.6497260
WLDUSDT,BUY,LIMIT,1700877910745,2,2.6512051
WLDUSDT,BUY,LIMIT,1700877912764,296,2.6522039
WLDUSDT,BUY,LIMIT,1700877948889,26,2.6529281
WLDUSDT,BUY,LIMIT,1700877952279,16,2.6531411
WLDUSDT,BUY,LIMIT,1700877975450,45,2.6568897
WLDUSDT,BUY,LIMIT,1700877977119,33,2.6639475
WLDUSDT,BUY,LIMIT,1700877978160,97,2.6631440
WLDUSDT,BUY,LIMIT,1700877980126,158,2.6649336
WLDUSDT,BUY,LIMIT,1700877981251,39,2.6648636
WLDUSDT,BUY,LIMIT,1700877982960,123,2.6658427
WLDUSDT,BUY,LIMIT,1700877984389,61,2.6666615
WLDUSDT,BUY,LIMIT,1700877985695,1926,2.6676358
WLDUSDT,BUY,LIMIT,1700877987099,66,2.6703712
WLDUSDT,BUY,LIMIT,1700877989373,5,2.6709692
WLDUSDT,BUY,LIMIT,1700878419230,4,2.6373408
WLDUSDT,SELL,LIMIT,1700878503124,8,2.5885204
WLDUSDT,SELL,LIMIT,1700878699072,952,2.5705113
WLDUSDT,SELL,LIMIT,1700879347231,144,2.5588283
WLDUSDT,SELL,LIMIT,1700879363546,75,2.5544013
WLDUSDT,BUY,LIMIT,1700879636071,362,2.6366246
WLDUSDT,BUY,LIMIT,1700879651535,354,2.6415058
WLDUSDT,SELL,LIMIT,1700880518084,322,2.5588622
WLDUSDT,SELL,LIMIT,1700881215213,14,2.5514653
WLDUSDT,SELL,LIMIT,1700881217445,1387,2.5479536
WLDUSDT,SELL,LIMIT,1700881223310,1450,2.5449989
WLDUSDT,SELL,LIMIT,1700881224464,25,2.5436042
WLDUSDT,SELL,LIMIT,1700881830122,10,2.5418867
WLDUSDT,SELL,LIMIT,1700881849421,93,2.5399639
WLDUSDT,BUY,LIMIT,1700883263964,2,2.5938203
WLDUSDT,BUY,LIMIT,1700883954164,3,2.5931750
WLDUSDT,BUY,LIMIT,1700884502878,7,2.6184176
WLDUSDT,BUY,LIMIT,1700885056950,737,2.6224672
WLDUSDT,SELL,LIMIT,1700885344246,1157,2.5402085
WLDUSDT,BUY,LIMIT,1700887935794,195,2.6264542
WLDUSDT,BUY,LIMIT,1700887943641,122,2.6294515
WLDUSDT,BUY,LIMIT,1700887969485,76,2.6309426
WLDUSDT,BUY,LIMIT,1700887971996,709,2.6360445
WLDUSDT,BUY,LIMIT,1700887983125,94,2.6413193
WLDUSDT,BUY,LIMIT,1700887984425,254,2.6428911
WLDUSDT,BUY,LIMIT,1700889261370,16,2.6514800
WLDUSDT,BUY,LIMIT,1700889274520,93,2.6550618
WLDUSDT,BUY,LIMIT,1700889800877,30,2.6571276
WLDUSDT,BUY,LIMIT,1700890058175,4,2.6610681
WLDUSDT,BUY,LIMIT,1700891525790,135,2.6592428
WLDUSDT,BUY,LIMIT,1700891725450,290,2.6666451
WLDUSDT,BUY,LIMIT,1700894032827,22,2.6558220
WLDUSDT,BUY,LIMIT,1700894520475,161,2.6711605
WLDUSDT,BUY,LIMIT,1700894525570,194,2.6729964
WLDUSDT,BUY,LIMIT,1700894531640,180,2.6734420
WLDUSDT,BUY,LIMIT,1700894533817,199,2.6738990
WLDUSDT,BUY,LIMIT,1700894537133,23,2.6747135
WLDUSDT,BUY,LIMIT,1700894538500,15,2.6748334
WLDUSDT,BUY,LIMIT,1700894540090,269,2.6760338
WLDUSDT,BUY,LIMIT,1700894556999,193,2.6759552
WLDUSDT,BUY,LIMIT,1700894622210,544,2.6798382
WLDUSDT,BUY,LIMIT,1700894624211,69,2.6804025
WLDUSDT,BUY,LIMIT,1700894625445,992,2.6804391
WLDUSDT,BUY,LIMIT,1700894626636,1900,2.6830937
WLDUSDT,BUY,LIMIT,1700894627835,40,2.6855120
WLDUSDT,BUY,LIMIT,1700894629445,2,2.6922720
WLDUSDT,BUY,LIMIT,1700894747075,3,2.6956406
WLDUSDT,BUY,LIMIT,1700894748127,409,2.6956534
WLDUSDT,BUY,LIMIT,1700894749908,43,2.6979112
WLDUSDT,BUY,LIMIT,1700894752241,19,2.6986843
WLDUSDT,SELL,LIMIT,1700895225522,70,2.6007790
WLDUSDT,SELL,LIMIT,1700896126344,14,2.6356542
WLDUSDT,SELL,LIMIT,1700896144199,3,2.6351820
WLDUSDT,BUY,LIMIT,1700896833327,134,2.6970389
WLDUSDT,BUY,LIMIT,1700896834857,353,2.6979215
WLDUSDT,BUY,LIMIT,1700896877301,565,2.6991934
WLDUSDT,BUY,LIMIT,1700897092190,27,2.7015348
WLDUSDT,BUY,LIMIT,1700897128913,66,2.7032155
WLDUSDT,BUY,LIMIT,1700897129920,68,2.7037319
WLDUSDT,BUY,LIMIT,1700897132284,34,2.7062854
WLDUSDT,SELL,LIMIT,1700897970270,41,2.6183765
WLDUSDT,BUY,LIMIT,1700898974193,1175,2.6840195
WLDUSDT,SELL,LIMIT,1700900110733,7,2.6128848
WLDUSDT,SELL,LIMIT,1700900112247,15,2.6111536
WLDUSDT,SELL,LIMIT,1700900120031,23,2.6061503
WLDUSDT,SELL,LIMIT,1700900122905,92,2.6043873
WLDUSDT,SELL,LIMIT,1700900131538,35,2.6035933
WLDUSDT,SELL,LIMIT,1700900137712,117,2.6003228
WLDUSDT,SELL,LIMIT,1700900140094,27,2.5985469
WLDUSDT,SELL,LIMIT,1700900458978,28,2.5938400
WLDUSDT,SELL,LIMIT,1700901448126,58,2.5900197
WLDUSDT,SELL,LIMIT,1700901538131,194,2.5812131
WLDUSDT,SELL,LIMIT,1700901540185,51,2.5795235
WLDUSDT,SELL,LIMIT,1700901693786,457,2.5779535
WLDUSDT,SELL,LIMIT,1700902021776,14,2.5765122
WLDUSDT,SELL,LIMIT,1700902026154,93,2.5757347
WLDUSDT,SELL,LIMIT,1700902049979,199,2.5738283
WLDUSDT,SELL,LIMIT,1700902051267,80,2.5722720
WLDUSDT,SELL,LIMIT,1700902076181,2140,2.5658072
WLDUSDT,SELL,LIMIT,1700902077245,25,2.5660282
WLDUSDT,SELL,LIMIT,1700902085311,67,2.5634537
WLDUSDT,SELL,LIMIT,1700902086673,483,2.5621996
WLDUSDT,BUY,LIMIT,1700902615124,137,2.6415705
WLDUSDT,BUY,LIMIT,1700902627486,255,2.6441407
WLDUSDT,BUY,LIMIT,1700903234448,268,2.6518524
WLDUSDT,BUY,LIMIT,1700906560300,132,2.6615317
WLDUSDT,BUY,LIMIT,1700906562895,2,2.6683373
WLDUSDT,BUY,LIMIT,1700906577039,209,2.6727472
WLDUSDT,BUY,LIMIT,1700906584417,556,2.6773558
WLDUSDT,BUY,LIMIT,1700906585430,308,2.6763970
WLDUSDT,BUY,LIMIT,1700906594272,16,2.6849760
WLDUSDT,BUY,LIMIT,1700906595731,7,2.6866466
WLDUSDT,BUY,LIMIT,1700906679436,555,2.6922635
WLDUSDT,BUY,LIMIT,1700907638046,55,2.6771976
WLDUSDT,BUY,LIMIT,1700908863918,1900,2.6984992
WLDUSDT,BUY,LIMIT,1700908951243,33,2.7079625
WLDUSDT,BUY,LIMIT,1700908952294,63,2.7079325
WLDUSDT,BUY,LIMIT,1700909128318,85,2.7097118
WLDUSDT,BUY,LIMIT,1700909139041,160,2.7109147
WLDUSDT,BUY,LIMIT,1700909142304,4,2.7111288
WLDUSDT,BUY,LIMIT,1700909147882,576,2.7121711
WLDUSDT,SELL,LIMIT,1700909459068,189,2.6267720
WLDUSDT,SELL,LIMIT,1700909463145,135,2.6259037
WLDUSDT,SELL,LIMIT,1700909464291,1720,2.6247765
WLDUSDT,SELL,LIMIT,1700909465995,9,2.6232999
WLDUSDT,SELL,LIMIT,1700909502179,374,2.6210766
WLDUSDT,SELL,LIMIT,1700909572186,122,2.6165460
WLDUSDT,BUY,LIMIT,1700909889394,667,2.6946188
WLDUSDT,BUY,LIMIT,1700909899661,37,2.6984622
WLDUSDT,SELL,LIMIT,1700911145085,22,2.6252919
WLDUSDT,SELL,LIMIT,1700911148471,31,2.6205296
WLDUSDT,SELL,LIMIT,1700911151794,55,2.6138849
WLDUSDT,SELL,LIMIT,1700911156085,356,2.6107450
WLDUSDT,SELL,LIMIT,1700911573657,2,2.6355920
WLDUSDT,BUY,LIMIT,1700911785850,711,2.6946909
WLDUSDT,BUY,LIMIT,1700911963126,20,2.7024700
WLDUSDT,SELL,LIMIT,1700912667871,39,2.6280673
WLDUSDT,SELL,LIMIT,1700912675817,183,2.6270104
WLDUSDT,SELL,LIMIT,1700912685257,78,2.6251560
WLDUSDT,BUY,LIMIT,1700913611688,57,2.7113083
WLDUSDT,BUY,LIMIT,1700913704334,560,2.7134688
WLDUSDT,BUY,LIMIT,1700913719798,148,2.7146536
WLDUSDT,BUY,LIMIT,1700913821083,12,2.7166355
WLDUSDT,BUY,LIMIT,1700916449283,411,2.7164546
WLDUSDT,BUY,LIMIT,1700916511342,371,2.7182742
WLDUSDT,BUY,LIMIT,1700916513201,11,2.7185002
WLDUSDT,BUY,LIMIT,1700916514524,71,2.7189055
WLDUSDT,BUY,LIMIT,1700916518748,23,2.7204456
WLDUSDT,BUY,LIMIT,1700916522190,2047,2.7247442
WLDUSDT,BUY,LIMIT,1700916524192,396,2.7231677
WLDUSDT,BUY,LIMIT,1700916525264,54,2.7225460
WLDUSDT,BUY,LIMIT,1700917082676,3,2.7238942
WLDUSDT,BUY,LIMIT,1700917084249,2,2.7256718
WLDUSDT,BUY,LIMIT,1700917088209,86,2.7268142
WLDUSDT,BUY,LIMIT,1700917089239,5,2.7273543
WLDUSDT,BUY,LIMIT,1700917090379,49,2.7274955
WLDUSDT,BUY,LIMIT,1700917091427,18,2.7319369
WLDUSDT,BUY,LIMIT,1700917144218,900,2.7346752
WLDUSDT,BUY,LIMIT,1700917163707,99,2.7352495
WLDUSDT,BUY,LIMIT,1700917176106,170,2.7355222
WLDUSDT,BUY,LIMIT,1700917177163,650,2.7382633
WLDUSDT,BUY,LIMIT,1700917178370,2,2.7365886
WLDUSDT,BUY,LIMIT,1700917213735,4,2.7400541
WLDUSDT,BUY,LIMIT,1700917214987,936,2.7402567
WLDUSDT,BUY,LIMIT,1700917217036,802,2.7419252
WLDUSDT,BUY,LIMIT,1700917219415,108,2.7438245
WLDUSDT,BUY,LIMIT,1700917220664,80,2.7439765
WLDUSDT,BUY,LIMIT,1700917224928,1,2.7449356
WLDUSDT,BUY,LIMIT,1700917586597,29,2.7479164
WLDUSDT,BUY,LIMIT,1700917588087,543,2.7483610
WLDUSDT,BUY,LIMIT,1700917589124,15,2.7487200
WLDUSDT,BUY,LIMIT,1700917592174,1859,2.7526506
WLDUSDT,BUY,LIMIT,1700917593252,296,2.7525594
WLDUSDT,BUY,LIMIT,1700917594431,119,2.7553188
WLDUSDT,BUY,LIMIT,1700917596427,222,2.7577657
WLDUSDT,BUY,LIMIT,1700917597466,981,2.7596226
WLDUSDT,BUY,LIMIT,1700917600228,4,2.7607310
WLDUSDT,BUY,LIMIT,1700917601408,6,2.7620294
WLDUSDT,SELL,LIMIT,1700917871094,22,2.6716572
WLDUSDT,BUY,LIMIT,1700919030620,13767,2.7876405
WLDUSDT,BUY,LIMIT,1700919034314,226,2.7629081
WLDUSDT,BUY,LIMIT,1700919038097,42,2.7663094
WLDUSDT,BUY,LIMIT,1700919039125,962,2.7670912
WLDUSDT,BUY,LIMIT,1700919040455,50,2.7675851
WLDUSDT,BUY,LIMIT,1700919296431,19,2.7676717
WLDUSDT,BUY,LIMIT,1700919297882,6,2.7681633
WLDUSDT,BUY,LIMIT,1700919306599,579,2.7689955
WLDUSDT,BUY,LIMIT,1700919308212,104,2.7700681
WLDUSDT,BUY,LIMIT,1700919309249,19,2.7701494
WLDUSDT,BUY,LIMIT,1700919314122,14,2.7715482
WLDUSDT,BUY,LIMIT,1700919315381,139,2.7708439
WLDUSDT,BUY,LIMIT,1700919316548,2326,2.7787628
WLDUSDT,BUY,LIMIT,1700919796101,100,2.7738560
WLDUSDT,BUY,LIMIT,1700919838247,86,2.7738560
WLDUSDT,BUY,LIMIT,1700919855738,79,2.7751946
WLDUSDT,BUY,LIMIT,1700920117052,943,2.7766836
WLDUSDT,BUY,LIMIT,1700920128016,3,2.7773649
WLDUSDT,BUY,LIMIT,1700920137151,148,2.7747329
WLDUSDT,BUY,LIMIT,1700920729552,250,2.7789834
WLDUSDT,BUY,LIMIT,1700920730904,12,2.7805424
WLDUSDT,BUY,LIMIT,1700920732680,653,2.7820420
WLDUSDT,BUY,LIMIT,1700920734152,329,2.7834199
WLDUSDT,BUY,LIMIT,1700920737310,37,2.7840086
WLDUSDT,BUY,LIMIT,1700920738318,400,2.7841412
WLDUSDT,BUY,LIMIT,1700920777629,36,2.7857894
WLDUSDT,BUY,LIMIT,1700920778940,88,2.7869480
WLDUSDT,BUY,LIMIT,1700920779979,46,2.7893603
WLDUSDT,BUY,LIMIT,1700920781044,176,2.7903121
WLDUSDT,BUY,LIMIT,1700920792411,91,2.7900652
WLDUSDT,BUY,LIMIT,1700920793903,223,2.7910410
WLDUSDT,BUY,LIMIT,1700920840555,250,2.7913427
WLDUSDT,BUY,LIMIT,1700920843796,316,2.7912360
WLDUSDT,BUY,LIMIT,1700920851284,390,2.7925068
WLDUSDT,BUY,LIMIT,1700920853416,108,2.7920431
WLDUSDT,BUY,LIMIT,1700920857446,7,2.7925096
WLDUSDT,BUY,LIMIT,1700920869064,39,2.7938878
WLDUSDT,BUY,LIMIT,1700920872923,33,2.7942039
WLDUSDT,BUY,LIMIT,1700921019437,313,2.7954417
WLDUSDT,BUY,LIMIT,1700921020551,125,2.7958398
WLDUSDT,BUY,LIMIT,1700921032523,32,2.7966088
WLDUSDT,SELL,LIMIT,1700921960174,462,2.7133997
WLDUSDT,SELL,LIMIT,1700922088236,38,2.7091253
WLDUSDT,SELL,LIMIT,1700922150917,6,2.7025629
WLDUSDT,BUY,LIMIT,1700922793787,78,2.7819663
WLDUSDT,BUY,LIMIT,1700922799164,26,2.7843891
WLDUSDT,BUY,LIMIT,1700922802745,337,2.7870986
WLDUSDT,BUY,LIMIT,1700922868695,907,2.7876330
WLDUSDT,BUY,LIMIT,1700922987325,69,2.7917614
WLDUSDT,BUY,LIMIT,1700923219163,92,2.7980947
WLDUSDT,BUY,LIMIT,1700923220433,24,2.7994868
WLDUSDT,BUY,LIMIT,1700923221497,43,2.7998114
WLDUSDT,BUY,LIMIT,1700923240453,18,2.8018014
WLDUSDT,BUY,LIMIT,1700923243239,10,2.8046085
WLDUSDT,BUY,LIMIT,1700923244619,21,2.8050039
WLDUSDT,BUY,LIMIT,1700923245858,34,2.8060765
WLDUSDT,BUY,LIMIT,1700923247194,1814,2.8095490
WLDUSDT,BUY,LIMIT,1700923251390,15,2.8095315
WLDUSDT,BUY,LIMIT,1700923259043,33,2.8101516
WLDUSDT,BUY,LIMIT,1700923260129,77,2.8104404
WLDUSDT,BUY,LIMIT,1700923417225,460,2.8138141
WLDUSDT,BUY,LIMIT,1700923418331,1341,2.8124694
WLDUSDT,BUY,LIMIT,1700923420480,145,2.8154262
WLDUSDT,BUY,LIMIT,1700923422180,36,2.8160885
WLDUSDT,BUY,LIMIT,1700923423553,223,2.8170142
WLDUSDT,BUY,LIMIT,1700923424735,15,2.8175512
WLDUSDT,BUY,LIMIT,1700923426129,30,2.8187130
WLDUSDT,BUY,LIMIT,1700923442795,8,2.8164140
WLDUSDT,SELL,LIMIT,1700925432742,27,2.7251680
WLDUSDT,SELL,LIMIT,1700925437172,18,2.7210494
WLDUSDT,SELL,LIMIT,1700925568203,1799,2.7184521
WLDUSDT,SELL,LIMIT,1700925607270,180,2.7160835
WLDUSDT,SELL,LIMIT,1700925665426,192,2.7142809
WLDUSDT,SELL,LIMIT,1700926215209,201,2.7122979
WLDUSDT,SELL,LIMIT,1700927077010,1706,2.7104645
WLDUSDT,SELL,LIMIT,1700927081854,389,2.7076393
WLDUSDT,SELL,LIMIT,1700927085463,6,2.7074501
WLDUSDT,SELL,LIMIT,1700927090439,191,2.7051316
WLDUSDT,SELL,LIMIT,1700927809458,70,2.6985425
WLDUSDT,SELL,LIMIT,1700927818378,1803,2.6986902
WLDUSDT,SELL,LIMIT,1700927824378,68,2.6975471
WLDUSDT,SELL,LIMIT,1700928854428,195,2.6932627
WLDUSDT,SELL,LIMIT,1700928878153,5,2.6909710
WLDUSDT,SELL,LIMIT,1700928888339,1571,2.6883728
WLDUSDT,SELL,LIMIT,1700928890231,154,2.6876047
WLDUSDT,SELL,LIMIT,1700928891710,130,2.6871405
WLDUSDT,SELL,LIMIT,1700929065153,436,2.6832301
WLDUSDT,BUY,LIMIT,1700931042263,8,2.7678937
WLDUSDT,BUY,LIMIT,1700931107585,1839,2.7714063
WLDUSDT,BUY,LIMIT,1700931143956,11,2.7750291
WLDUSDT,BUY,LIMIT,1700931163162,47,2.7763925
WLDUSDT,BUY,LIMIT,1700931166819,156,2.7769423
WLDUSDT,BUY,LIMIT,1700931258242,103,2.7833695
WLDUSDT,BUY,LIMIT,1700931709706,567,2.7839338
WLDUSDT,BUY,LIMIT,1700931711013,81,2.7846854
WLDUSDT,BUY,LIMIT,1700931712325,1836,2.7850838
WLDUSDT,BUY,LIMIT,1700931715406,27,2.7853345
WLDUSDT,BUY,LIMIT,1700931752340,19,2.7847720
WLDUSDT,SELL,LIMIT,1700932858402,899,2.7128984
WLDUSDT,BUY,LIMIT,1700933443997,38,2.7687352
WLDUSDT,BUY,LIMIT,1700933813037,165,2.7886555
WLDUSDT,BUY,LIMIT,1700933897315,1025,2.8010250
WLDUSDT,BUY,LIMIT,1700933915513,13,2.8022089
WLDUSDT,BUY,LIMIT,1700933916646,36,2.8043184
WLDUSDT,BUY,LIMIT,1700933919425,150,2.8060016
WLDUSDT,BUY,LIMIT,1700933929195,902,2.8119923
WLDUSDT,BUY,LIMIT,1700936517771,36,2.8128671
WLDUSDT,BUY,LIMIT,1700936866447,4309,2.8306754
WLDUSDT,BUY,LIMIT,1700936882306,29,2.8152188
WLDUSDT,BUY,LIMIT,1700936891185,5,2.8162266
WLDUSDT,BUY,LIMIT,1700936892270,123,2.8178964
WLDUSDT,BUY,LIMIT,1700936894411,167,2.8195256
WLDUSDT,BUY,LIMIT,1700936896317,219,2.8198953
WLDUSDT,BUY,LIMIT,1700937107064,161,2.8202422
WLDUSDT,BUY,LIMIT,1700937111265,47,2.8207237
WLDUSDT,BUY,LIMIT,1700937116195,5000,2.8393332
WLDUSDT,BUY,LIMIT,1700937123286,16,2.8227181
WLDUSDT,BUY,LIMIT,1700937125354,186,2.8231800
WLDUSDT,BUY,LIMIT,1700937127118,19,2.8237478
WLDUSDT,BUY,LIMIT,1700937245048,5,2.8274355
WLDUSDT,BUY,LIMIT,1700937246105,67,2.8404197
WLDUSDT,BUY,LIMIT,1700937247556,2252,2.8469771
WLDUSDT,BUY,LIMIT,1700937251316,26,2.8428039
WLDUSDT,BUY,LIMIT,1700937305969,64,2.8424725
WLDUSDT,BUY,LIMIT,1700937387871,23,2.8387980
WLDUSDT,BUY,LIMIT,1700937444534,155,2.8415340
WLDUSDT,BUY,LIMIT,1700937475028,34,2.8307089
WLDUSDT,BUY,LIMIT,1700937705366,41,2.8415565
WLDUSDT,BUY,LIMIT,1700937709375,89,2.8439276
WLDUSDT,BUY,LIMIT,1700937713271,370,2.8448964
WLDUSDT,BUY,LIMIT,1700937714347,239,2.8455911
WLDUSDT,BUY,LIMIT,1700937716139,883,2.8481162
WLDUSDT,BUY,LIMIT,1700937717374,2,2.8466719
WLDUSDT,BUY,LIMIT,1700937718693,2,2.8483534
WLDUSDT,BUY,LIMIT,1700938313672,114,2.8486760
WLDUSDT,BUY,LIMIT,1700938372431,953,2.8495569
WLDUSDT,BUY,LIMIT,1700938397232,46,2.8499423
WLDUSDT,BUY,LIMIT,1700938402335,1230,2.8503263
WLDUSDT,BUY,LIMIT,1700938403640,101,2.8510112
WLDUSDT,BUY,LIMIT,1700938405915,22,2.8518243
WLDUSDT,BUY,LIMIT,1700938407448,113,2.8531863
WLDUSDT,BUY,LIMIT,1700938413667,206,2.8537459
WLDUSDT,BUY,LIMIT,1700938416138,210,2.8566031
WLDUSDT,BUY,LIMIT,1700938417167,688,2.8567968
WLDUSDT,BUY,LIMIT,1700938419243,429,2.8573680
WLDUSDT,BUY,LIMIT,1700938420686,11,2.8575749
WLDUSDT,BUY,LIMIT,1700938456121,26,2.8589786
WLDUSDT,BUY,LIMIT,1700938459246,91,2.8598226
WLDUSDT,BUY,LIMIT,1700938474224,2,2.8603665
WLDUSDT,BUY,LIMIT,1700938475258,399,2.8595426
WLDUSDT,BUY,LIMIT,1700938476403,458,2.8609630
WLDUSDT,BUY,LIMIT,1700938479376,700,2.8622050
WLDUSDT,BUY,LIMIT,1700938481043,294,2.8635856
WLDUSDT,BUY,LIMIT,1700938482093,1803,2.8640916
WLDUSDT,BUY,LIMIT,1700938483109,335,2.8680044
WLDUSDT,BUY,LIMIT,1700938484117,40,2.8677162
WLDUSDT,BUY,LIMIT,1700938487069,426,2.8687308
WLDUSDT,BUY,LIMIT,1700938488360,32,2.8688594
WLDUSDT,BUY,LIMIT,1700938489371,2,2.8689159
WLDUSDT,BUY,LIMIT,1700938639400,146,2.8712160
WLDUSDT,BUY,LIMIT,1700938640448,28,2.8698307
WLDUSDT,BUY,LIMIT,1700938834349,70,2.8722158
WLDUSDT,BUY,LIMIT,1700938835403,91,2.8719496
WLDUSDT,BUY,LIMIT,1700938837120,65,2.8726727
WLDUSDT,BUY,LIMIT,1700938841227,3,2.8734058
WLDUSDT,BUY,LIMIT,1700938842718,344,2.8741617
WLDUSDT,BUY,LIMIT,1700938843799,11166,2.9022975
WLDUSDT,BUY,LIMIT,1700938845356,328,2.8760095
WLDUSDT,BUY,LIMIT,1700938850355,1,2.8771253
WLDUSDT,BUY,LIMIT,1700939373304,1294,2.8714300
WLDUSDT,BUY,LIMIT,1700939598086,353,2.8773223
WLDUSDT,BUY,LIMIT,1700939599296,7,2.8776864
WLDUSDT,BUY,LIMIT,1700939600767,27,2.8782750
WLDUSDT,BUY,LIMIT,1700939602256,90,2.8782790
WLDUSDT,BUY,LIMIT,1700939603568,1916,2.8809504
WLDUSDT,BUY,LIMIT,1700939605237,23,2.8805876
WLDUSDT,BUY,LIMIT,1700939606246,39,2.8878191
WLDUSDT,BUY,LIMIT,1700939607259,37,2.8843934
WLDUSDT,BUY,LIMIT,1700939608299,164,2.8908962
WLDUSDT,BUY,LIMIT,1700939609359,362,2.8918895
WLDUSDT,BUY,LIMIT,1700939614153,6,2.8938707
WLDUSDT,BUY,LIMIT,1700939615190,79,2.8946436
WLDUSDT,BUY,LIMIT,1700939618170,520,2.8953043
WLDUSDT,BUY,LIMIT,1700939620111,120,2.8997667
WLDUSDT,BUY,LIMIT,1700939621217,62,2.8961170
WLDUSDT,BUY,LIMIT,1700939622304,133,2.9043900
WLDUSDT,BUY,LIMIT,1700939628214,207,2.9033248
