Symbol,Side,Order Type,Time,Quantity,Price
WLDUSDT,BUY,LIMIT,1701066835000,7,2.6892323
WLDUSDT,SELL,LIMIT,1701066974271,4,2.7134177
WLDUSDT,BUY,LIMIT,1701067030418,77,2.6934910
WLDUSDT,BUY,LIMIT,1701067040112,238,2.6959021
WLDUSDT,BUY,LIMIT,1701067042203,33,2.6983317
WLDUSDT,BUY,LIMIT,1701067543965,211,2.6842898
WLDUSDT,SELL,LIMIT,1701067552201,76,2.6340843
WLDUSDT,BUY,LIMIT,1701067749029,55,2.6719515
WLDUSDT,SELL,LIMIT,1701067819150,3,2.6340931
WLDUSDT,SELL,LIMIT,1701067839248,3,2.6282521
WLDUSDT,SELL,LIMIT,1701067864590,5,2.6235001
WLDUSDT,SELL,LIMIT,1701068075195,8,2.6218960
WLDUSDT,SELL,LIMIT,1701068171176,1514,2.6109299
WLDUSDT,SELL,LIMIT,1701068264846,33,2.6076950
WLDUSDT,SELL,LIMIT,1701068266923,2,2.6026271
WLDUSDT,SELL,LIMIT,1701068277003,37,2.6000442
WLDUSDT,SELL,LIMIT,1701068284342,48,2.5973274
WLDUSDT,SELL,LIMIT,1701068286128,28,2.5969041
WLDUSDT,SELL,LIMIT,1701068304336,6,2.5907723
WLDUSDT,SELL,LIMIT,1701068329832,100,2.6022340
WLDUSDT,BUY,LIMIT,1701068943925,102,2.5372812
WLDUSDT,SELL,LIMIT,1701068996648,215,2.6514665
WLDUSDT,SELL,LIMIT,1701069633633,20,2.6221999
WLDUSDT,SELL,LIMIT,1701069637974,45,2.6187481
WLDUSDT,SELL,LIMIT,1701069803739,20,2.6368255
WLDUSDT,SELL,LIMIT,1701069805727,155,2.6412047
WLDUSDT,SELL,LIMIT,1701069808149,2,2.6329866
WLDUSDT,SELL,LIMIT,1701069831963,74,2.6285179
WLDUSDT,SELL,LIMIT,1701069899901,136,2.6197534
WLDUSDT,SELL,LIMIT,1701070055680,72,2.6110480
WLDUSDT,SELL,LIMIT,1701070146018,460,2.6015221
WLDUSDT,SELL,LIMIT,1701070174915,225,2.5983780
WLDUSDT,SELL,LIMIT,1701070354293,21,2.6415212
WLDUSDT,SELL,LIMIT,1701070440952,506,2.5959084
WLDUSDT,BUY,LIMIT,1701071208975,447,2.6919606
WLDUSDT,BUY,LIMIT,1701071268896,100,2.6984760
WLDUSDT,BUY,LIMIT,1701071286205,19,2.7057697
WLDUSDT,BUY,LIMIT,1701071289990,405,2.7089202
WLDUSDT,BUY,LIMIT,1701071291134,479,2.7103369
WLDUSDT,BUY,LIMIT,1701071329158,7,2.7160230
WLDUSDT,BUY,LIMIT,1701071331352,13,2.7187883
WLDUSDT,BUY,LIMIT,1701071332634,5,2.7197034
WLDUSDT,BUY,LIMIT,1701071614275,5948,2.7395038
WLDUSDT,BUY,LIMIT,1701071688628,50,2.7230621
WLDUSDT,BUY,LIMIT,1701071790622,9,2.7250011
WLDUSDT,BUY,LIMIT,1701071791906,1020,2.7252083
WLDUSDT,BUY,LIMIT,1701071799720,6,2.7255413
WLDUSDT,BUY,LIMIT,1701071808057,301,2.7279134
WLDUSDT,BUY,LIMIT,1701071809202,37,2.7280653
WLDUSDT,BUY,LIMIT,1701071825094,1731,2.7325140
WLDUSDT,BUY,LIMIT,1701071988889,13,2.7352767
WLDUSDT,BUY,LIMIT,1701071994394,23,2.7365894
WLDUSDT,BUY,LIMIT,1701072007225,2674,2.7466623
WLDUSDT,BUY,LIMIT,1701072417043,95,2.7398599
WLDUSDT,BUY,LIMIT,1701072421340,300,2.7417871
WLDUSDT,BUY,LIMIT,1701072457714,3,2.7438736
WLDUSDT,BUY,LIMIT,1701072504262,41,2.7466874
WLDUSDT,BUY,LIMIT,1701072516216,166,2.7491092
WLDUSDT,BUY,LIMIT,1701072539071,155,2.7522071
WLDUSDT,BUY,LIMIT,1701072542307,511,2.7537136
WLDUSDT,BUY,LIMIT,1701072673294,76,2.7583613
WLDUSDT,BUY,LIMIT,1701072676346,207,2.7589455
WLDUSDT,BUY,LIMIT,1701072680181,76,2.7591117
WLDUSDT,BUY,LIMIT,1701072887478,146,2.7614023
WLDUSDT,BUY,LIMIT,1701072895057,56,2.7620177
WLDUSDT,BUY,LIMIT,1701072918260,79,2.7623398
WLDUSDT,BUY,LIMIT,1701072962652,278,2.7664936
WLDUSDT,BUY,LIMIT,1701072965627,7,2.7669899
WLDUSDT,BUY,LIMIT,1701072966637,989,2.7700860
WLDUSDT,BUY,LIMIT,1701073297674,13,2.7737172
WLDUSDT,BUY,LIMIT,1701073302085,1238,2.7741773
WLDUSDT,BUY,LIMIT,1701073310274,112,2.7760464
WLDUSDT,BUY,LIMIT,1701073312052,61,2.7779450
WLDUSDT,BUY,LIMIT,1701073329628,113,2.7786102
WLDUSDT,BUY,LIMIT,1701073331261,25,2.7797039
WLDUSDT,BUY,LIMIT,1701073338715,167,2.7809210
WLDUSDT,BUY,LIMIT,1701073417807,2,2.7811354
WLDUSDT,BUY,LIMIT,1701073450878,174,2.7826033
WLDUSDT,BUY,LIMIT,1701073457850,143,2.7892160
WLDUSDT,BUY,LIMIT,1701073461462,144,2.7897803
WLDUSDT,BUY,LIMIT,1701073463220,44,2.7904484
WLDUSDT,BUY,LIMIT,1701073495191,98,2.7932835
WLDUSDT,BUY,LIMIT,1701073496414,9,2.7938542
WLDUSDT,BUY,LIMIT,1701073502324,21,2.7983126
WLDUSDT,BUY,LIMIT,1701073531142,45,2.8000103
WLDUSDT,BUY,LIMIT,1701074374194,736,2.8011552
WLDUSDT,BUY,LIMIT,1701074597218,256,2.7875993
WLDUSDT,SELL,LIMIT,1701074832344,159,2.7115812
WLDUSDT,SELL,LIMIT,1701074857361,32,2.7000717
WLDUSDT,SELL,LIMIT,1701074874333,70,2.6957086
WLDUSDT,BUY,LIMIT,1701075045824,217,2.7719794
WLDUSDT,BUY,LIMIT,1701075048843,31,2.7744030
WLDUSDT,BUY,LIMIT,1701075114299,48,2.7808327
WLDUSDT,BUY,LIMIT,1701075141401,2,2.7852325
WLDUSDT,BUY,LIMIT,1701075603105,51,2.7945594
WLDUSDT,BUY,LIMIT,1701075642303,28,2.8021839
WLDUSDT,BUY,LIMIT,1701075649877,45,2.8037252
WLDUSDT,BUY,LIMIT,1701075651215,100,2.8052196
WLDUSDT,BUY,LIMIT,1701075652243,136,2.8056257
WLDUSDT,BUY,LIMIT,1701075663087,85,2.8070420
WLDUSDT,BUY,LIMIT,1701075668735,388,2.8077778
WLDUSDT,SELL,LIMIT,1701075946380,178,2.7244006
WLDUSDT,SELL,LIMIT,1701077034996,6,2.7284981
WLDUSDT,SELL,LIMIT,1701077181120,863,2.7130420
WLDUSDT,SELL,LIMIT,1701077185466,35,2.7122696
WLDUSDT,SELL,LIMIT,1701077201298,86,2.7078438
WLDUSDT,SELL,LIMIT,1701077205049,20,2.7071650
WLDUSDT,SELL,LIMIT,1701077211225,13,2.7063761
WLDUSDT,SELL,LIMIT,1701077215499,2,2.7050247
WLDUSDT,SELL,LIMIT,1701077218263,495,2.7012741
WLDUSDT,SELL,LIMIT,1701077234382,1137,2.6951191
WLDUSDT,SELL,LIMIT,1701077241362,5,2.6915051
WLDUSDT,SELL,LIMIT,1701077251269,622,2.6897423
WLDUSDT,SELL,LIMIT,1701077254327,517,2.6872163
WLDUSDT,SELL,LIMIT,1701077271380,29,2.6850774
WLDUSDT,SELL,LIMIT,1701077272489,90,2.6860575
WLDUSDT,SELL,LIMIT,1701077273950,235,2.6828512
WLDUSDT,SELL,LIMIT,1701077303246,212,2.6756287
WLDUSDT,SELL,LIMIT,1701077354217,1224,2.6708388
WLDUSDT,SELL,LIMIT,1701077357789,437,2.6681719
WLDUSDT,SELL,LIMIT,1701077363935,87,2.6667977
WLDUSDT,SELL,LIMIT,1701077476099,36,2.6561162
WLDUSDT,SELL,LIMIT,1701077477408,95,2.6555817
WLDUSDT,SELL,LIMIT,1701077479076,2,2.6535601
WLDUSDT,SELL,LIMIT,1701077492663,205,2.6529522
WLDUSDT,SELL,LIMIT,1701077508301,1128,2.6489399
WLDUSDT,SELL,LIMIT,1701077509634,657,2.6486440
WLDUSDT,SELL,LIMIT,1701077511085,12,2.6468946
WLDUSDT,SELL,LIMIT,1701077512416,1756,2.6471718
WLDUSDT,SELL,LIMIT,1701077647531,23,2.6455889
WLDUSDT,SELL,LIMIT,1701077698741,485,2.6447583
WLDUSDT,SELL,LIMIT,1701077700500,47,2.6444894
WLDUSDT,SELL,LIMIT,1701077714095,1746,2.6417713
WLDUSDT,SELL,LIMIT,1701077715153,125,2.6384888
WLDUSDT,SELL,LIMIT,1701077717896,325,2.6367381
WLDUSDT,SELL,LIMIT,1701077719111,240,2.6361770
WLDUSDT,SELL,LIMIT,1701079331934,18,2.6395312
WLDUSDT,SELL,LIMIT,1701079422267,153,2.6377166
WLDUSDT,SELL,LIMIT,1701079431232,5,2.6369030
WLDUSDT,SELL,LIMIT,1701079442144,106,2.6344421
WLDUSDT,SELL,LIMIT,1701079444075,2,2.6334518
WLDUSDT,SELL,LIMIT,1701079449112,26,2.6308257
WLDUSDT,SELL,LIMIT,1701079451593,144,2.6297941
WLDUSDT,SELL,LIMIT,1701079454203,704,2.6256516
WLDUSDT,SELL,LIMIT,1701079458935,179,2.6252826
WLDUSDT,SELL,LIMIT,1701079477207,32,2.6223632
WLDUSDT,SELL,LIMIT,1701079479805,1851,2.6214709
WLDUSDT,SELL,LIMIT,1701079483211,87,2.6164052
WLDUSDT,SELL,LIMIT,1701079485097,250,2.6145445
WLDUSDT,SELL,LIMIT,1701079488385,73,2.6130135
WLDUSDT,SELL,LIMIT,1701079489483,30,2.6100248
WLDUSDT,SELL,LIMIT,1701079509023,72,2.6097800
WLDUSDT,SELL,LIMIT,1701079513284,2,2.6059401
WLDUSDT,SELL,LIMIT,1701079525125,81,2.6038898
WLDUSDT,SELL,LIMIT,1701079526190,4054,2.5828785
WLDUSDT,SELL,LIMIT,1701079575192,142,2.5939472
WLDUSDT,SELL,LIMIT,1701079596893,1275,2.5924278
WLDUSDT,SELL,LIMIT,1701079597958,440,2.5878177
WLDUSDT,SELL,LIMIT,1701079613507,100,2.5834591
WLDUSDT,SELL,LIMIT,1701079639498,691,2.5828078
WLDUSDT,SELL,LIMIT,1701079649455,110,2.5798081
WLDUSDT,SELL,LIMIT,1701079653768,242,2.5785357
WLDUSDT,SELL,LIMIT,1701079760243,2,2.5781490
WLDUSDT,SELL,LIMIT,1701079761292,9,2.5708820
WLDUSDT,SELL,LIMIT,1701079762600,7,2.5688014
WLDUSDT,SELL,LIMIT,1701079767158,19,2.5664147
WLDUSDT,SELL,LIMIT,1701079768223,55,2.5659001
WLDUSDT,SELL,LIMIT,1701079847336,301,2.5654897
WLDUSDT,SELL,LIMIT,1701079849142,33,2.5637383
WLDUSDT,SELL,LIMIT,1701079851286,33,2.5628854
WLDUSDT,SELL,LIMIT,1701079852751,21,2.5612674
WLDUSDT,BUY,LIMIT,1701080101751,24,2.6536683
WLDUSDT,SELL,LIMIT,1701080550073,1000,2.5908179
WLDUSDT,SELL,LIMIT,1701081131684,28,2.5970767
WLDUSDT,SELL,LIMIT,1701081198544,150,2.5759697
WLDUSDT,SELL,LIMIT,1701081414070,179,2.5646929
WLDUSDT,SELL,LIMIT,1701081415266,4,2.5638455
WLDUSDT,SELL,LIMIT,1701081422055,5,2.5542787
WLDUSDT,SELL,LIMIT,1701081423075,1891,2.5514911
WLDUSDT,SELL,LIMIT,1701081424346,5,2.5470484
WLDUSDT,SELL,LIMIT,1701081428442,2,2.5455929
WLDUSDT,SELL,LIMIT,1701081430654,108,2.5454699
WLDUSDT,SELL,LIMIT,1701081442005,34,2.5428753
WLDUSDT,SELL,LIMIT,1701081443076,547,2.5424826
WLDUSDT,SELL,LIMIT,1701081444089,38,2.5367577
WLDUSDT,SELL,LIMIT,1701081445208,59,2.5362861
WLDUSDT,SELL,LIMIT,1701081449447,107,2.5359511
WLDUSDT,SELL,LIMIT,1701081451034,557,2.5353910
WLDUSDT,SELL,LIMIT,1701081452041,439,2.5293565
WLDUSDT,SELL,LIMIT,1701081453986,105,2.5276446
WLDUSDT,SELL,LIMIT,1701081454993,472,2.5260129
WLDUSDT,SELL,LIMIT,1701081487921,179,2.5349714
WLDUSDT,SELL,LIMIT,1701081605514,1168,2.5313576
WLDUSDT,SELL,LIMIT,1701081976340,105,2.5408433
WLDUSDT,SELL,LIMIT,1701081978261,39,2.5426518
WLDUSDT,SELL,LIMIT,1701082373368,142,2.5296921
WLDUSDT,SELL,LIMIT,1701082516250,18,2.5254861
WLDUSDT,SELL,LIMIT,1701082517488,937,2.5267193
WLDUSDT,SELL,LIMIT,1701082521628,500,2.5225510
WLDUSDT,SELL,LIMIT,1701082523657,601,2.5204047
WLDUSDT,SELL,LIMIT,1701082526770,45,2.5198976
WLDUSDT,SELL,LIMIT,1701082532136,4,2.5185021
WLDUSDT,SELL,LIMIT,1701082533388,12,2.5181035
WLDUSDT,SELL,LIMIT,1701082534722,25,2.5180195
WLDUSDT,SELL,LIMIT,1701082535916,480,2.5126932
WLDUSDT,SELL,LIMIT,1701082620249,299,2.5233128
WLDUSDT,SELL,LIMIT,1701082654425,83,2.5263855
WLDUSDT,SELL,LIMIT,1701082670157,385,2.5256792
WLDUSDT,SELL,LIMIT,1701082672168,1567,2.5247971
WLDUSDT,SELL,LIMIT,1701082678729,26,2.5206726
WLDUSDT,SELL,LIMIT,1701082692222,37,2.5215403
WLDUSDT,SELL,LIMIT,1701082703522,72,2.5236091
WLDUSDT,SELL,LIMIT,1701082726687,2,2.5213321
WLDUSDT,BUY,LIMIT,1701082845416,29,2.5988179
WLDUSDT,SELL,LIMIT,1701083619089,21,2.5100908
WLDUSDT,SELL,LIMIT,1701083620141,2,2.5099741
WLDUSDT,SELL,LIMIT,1701083621917,81,2.5077767
WLDUSDT,SELL,LIMIT,1701083636264,122,2.5068167
WLDUSDT,SELL,LIMIT,1701083637391,100,2.5071646
WLDUSDT,SELL,LIMIT,1701083642306,13,2.5054063
WLDUSDT,SELL,LIMIT,1701083645109,657,2.5039803
WLDUSDT,SELL,LIMIT,1701084547384,56,2.5096791
WLDUSDT,SELL,LIMIT,1701084574086,275,2.5045677
WLDUSDT,SELL,LIMIT,1701084575230,18,2.5045170
WLDUSDT,SELL,LIMIT,1701084592200,597,2.5025208
WLDUSDT,SELL,LIMIT,1701084593373,463,2.4983916
WLDUSDT,SELL,LIMIT,1701084594874,702,2.4950238
WLDUSDT,SELL,LIMIT,1701084596064,11,2.4944601
WLDUSDT,SELL,LIMIT,1701084597483,73,2.4948378
WLDUSDT,SELL,LIMIT,1701084639411,449,2.4941195
WLDUSDT,SELL,LIMIT,1701084640583,372,2.4935551
WLDUSDT,SELL,LIMIT,1701084642284,222,2.4927078
WLDUSDT,SELL,LIMIT,1701084643545,23,2.4912154
WLDUSDT,SELL,LIMIT,1701084648726,20,2.4897846
WLDUSDT,SELL,LIMIT,1701084663091,4,2.4878727
WLDUSDT,SELL,LIMIT,1701084664112,200,2.4855670
WLDUSDT,SELL,LIMIT,1701084665127,74,2.4822271
WLDUSDT,SELL,LIMIT,1701084930311,131,2.4991781
WLDUSDT,SELL,LIMIT,1701084931537,500,2.4868751
WLDUSDT,BUY,LIMIT,1701085166902,18,2.5671881
WLDUSDT,BUY,LIMIT,1701085509240,53,2.5698960
WLDUSDT,BUY,LIMIT,1701085840173,19,2.5672016
WLDUSDT,BUY,LIMIT,1701086094228,16,2.5855286
WLDUSDT,SELL,LIMIT,1701086445491,93,2.4990624
WLDUSDT,SELL,LIMIT,1701086447294,1470,2.4985169
WLDUSDT,SELL,LIMIT,1701086448434,391,2.4980685
WLDUSDT,SELL,LIMIT,1701086450314,350,2.4946584
WLDUSDT,SELL,LIMIT,1701086452595,75,2.4919610
WLDUSDT,SELL,LIMIT,1701086492260,31,2.4902624
WLDUSDT,SELL,LIMIT,1701086513969,804,2.4891234
WLDUSDT,SELL,LIMIT,1701086613004,601,2.4855893
WLDUSDT,SELL,LIMIT,1701086620162,14,2.4818135
WLDUSDT,SELL,LIMIT,1701086622823,116,2.4809800
WLDUSDT,SELL,LIMIT,1701086626532,428,2.4796933
WLDUSDT,SELL,LIMIT,1701086627582,124,2.4789002
WLDUSDT,SELL,LIMIT,1701086628723,2,2.4782675
WLDUSDT,SELL,LIMIT,1701086667456,19,2.4770075
WLDUSDT,SELL,LIMIT,1701086669156,1702,2.4768722
WLDUSDT,SELL,LIMIT,1701086671610,6,2.4761879
WLDUSDT,SELL,LIMIT,1701086760365,77,2.4750311
WLDUSDT,SELL,LIMIT,1701086762380,116,2.4706696
WLDUSDT,SELL,LIMIT,1701086766785,40,2.4711009
WLDUSDT,SELL,LIMIT,1701086768423,280,2.4699858
WLDUSDT,SELL,LIMIT,1701086806592,120,2.4679432
WLDUSDT,SELL,LIMIT,1701086807667,2000,2.4643675
WLDUSDT,SELL,LIMIT,1701086809076,7781,2.4390748
WLDUSDT,SELL,LIMIT,1701086810121,66,2.4454423
WLDUSDT,SELL,LIMIT,1701086811198,367,2.4459655
WLDUSDT,SELL,LIMIT,1701086812372,37,2.4442291
WLDUSDT,SELL,LIMIT,1701086865836,6,2.4444170
WLDUSDT,SELL,LIMIT,1701086888663,309,2.4432314
WLDUSDT,SELL,LIMIT,1701086890040,18,2.4390748
WLDUSDT,SELL,LIMIT,1701086891106,388,2.4413634
WLDUSDT,SELL,LIMIT,1701086892165,1005,2.4377240
WLDUSDT,SELL,LIMIT,1701086895324,741,2.4373196
WLDUSDT,SELL,LIMIT,1701086928199,2,2.4366069
WLDUSDT,SELL,LIMIT,1701086929249,156,2.4341275
WLDUSDT,SELL,LIMIT,1701086930284,200,2.4348197
WLDUSDT,SELL,LIMIT,1701086932162,531,2.4334117
WLDUSDT,SELL,LIMIT,1701086935232,8,2.4326751
WLDUSDT,SELL,LIMIT,1701086937097,2,2.4323222
WLDUSDT,SELL,LIMIT,1701086938357,479,2.4312911
WLDUSDT,BUY,LIMIT,1701087164262,15,2.5090421
WLDUSDT,SELL,LIMIT,1701087398723,301,2.4440678
WLDUSDT,BUY,LIMIT,1701088152416,517,2.5109596
WLDUSDT,BUY,LIMIT,1701088265769,57,2.5234006
WLDUSDT,SELL,LIMIT,1701088557114,1908,2.4567016
WLDUSDT,SELL,LIMIT,1701088647634,28,2.4492781
WLDUSDT,SELL,LIMIT,1701088708541,185,2.4414052
WLDUSDT,BUY,LIMIT,1701089123058,31,2.5028810
WLDUSDT,SELL,LIMIT,1701089972358,136,2.4547154
WLDUSDT,SELL,LIMIT,1701089984176,485,2.4540270
WLDUSDT,BUY,LIMIT,1701091271764,302,2.5278211
WLDUSDT,BUY,LIMIT,1701091278923,13,2.5302082
WLDUSDT,BUY,LIMIT,1701091280644,18,2.5295348
WLDUSDT,BUY,LIMIT,1701091300205,42,2.5337587
WLDUSDT,SELL,LIMIT,1701093109610,6,2.4582662
WLDUSDT,SELL,LIMIT,1701093116581,25,2.4574135
WLDUSDT,SELL,LIMIT,1701093121080,36,2.4562000
WLDUSDT,SELL,LIMIT,1701093137517,70,2.4531823
WLDUSDT,BUY,LIMIT,1701093271341,3712,2.5384203
WLDUSDT,SELL,LIMIT,1701093709962,19,2.4721693
WLDUSDT,BUY,LIMIT,1701094019051,8,2.5078051
WLDUSDT,SELL,LIMIT,1701094984347,448,2.4532605
WLDUSDT,SELL,LIMIT,1701095408434,29,2.4512401
WLDUSDT,SELL,LIMIT,1701095529405,598,2.4540254
WLDUSDT,SELL,LIMIT,1701095552624,448,2.4503301
WLDUSDT,SELL,LIMIT,1701095553900,154,2.4495520
WLDUSDT,SELL,LIMIT,1701095556486,83,2.4480614
WLDUSDT,SELL,LIMIT,1701095562825,40,2.4476576
WLDUSDT,BUY,LIMIT,1701095714356,645,2.5265480
WLDUSDT,BUY,LIMIT,1701096602304,204,2.5343062
WLDUSDT,BUY,LIMIT,1701096611523,120,2.5373140
WLDUSDT,BUY,LIMIT,1701096622609,26,2.5392941
WLDUSDT,BUY,LIMIT,1701096893378,60,2.5414772
WLDUSDT,SELL,LIMIT,1701097049255,18,2.4845183
WLDUSDT,SELL,LIMIT,1701097087163,4,2.4807348
WLDUSDT,SELL,LIMIT,1701097099272,28,2.4943475
WLDUSDT,BUY,LIMIT,1701097244471,44,2.5430408
WLDUSDT,BUY,LIMIT,1701097251945,51,2.5441602
WLDUSDT,BUY,LIMIT,1701097255974,84,2.5493160
WLDUSDT,BUY,LIMIT,1701097257059,872,2.5602932
WLDUSDT,BUY,LIMIT,1701097672198,809,2.5808325
WLDUSDT,SELL,LIMIT,1701100020653,64,2.4980946
WLDUSDT,SELL,LIMIT,1701100217679,895,2.4949845
WLDUSDT,SELL,LIMIT,1701100305411,180,2.4986611
WLDUSDT,SELL,LIMIT,1701100401135,3469,2.4890115
WLDUSDT,SELL,LIMIT,1701100530519,2212,2.5047722
WLDUSDT,SELL,LIMIT,1701100533206,148,2.4929428
WLDUSDT,SELL,LIMIT,1701100537249,145,2.4915331
WLDUSDT,SELL,LIMIT,1701100539633,33,2.5025243
WLDUSDT,SELL,LIMIT,1701100560779,34,2.4902072
WLDUSDT,SELL,LIMIT,1701100562556,40,2.4980324
WLDUSDT,SELL,LIMIT,1701100564030,6,2.4889994
WLDUSDT,SELL,LIMIT,1701100566232,133,2.4806661
WLDUSDT,SELL,LIMIT,1701100570510,434,2.4802571
WLDUSDT,SELL,LIMIT,1701100572676,180,2.4794384
WLDUSDT,SELL,LIMIT,1701100574270,30,2.4778534
WLDUSDT,SELL,LIMIT,1701100602644,837,2.4797719
WLDUSDT,SELL,LIMIT,1701100641212,88,2.5584697
WLDUSDT,SELL,LIMIT,1701100643817,385,2.4742935
WLDUSDT,SELL,LIMIT,1701101007047,66,2.4536612
WLDUSDT,SELL,LIMIT,1701101008221,990,2.4532958
WLDUSDT,BUY,LIMIT,1701101043820,90,2.5137057
WLDUSDT,SELL,LIMIT,1701101047759,1,2.4663871
WLDUSDT,SELL,LIMIT,1701101100406,31,2.4509306
WLDUSDT,SELL,LIMIT,1701101106721,8814,2.4290824
WLDUSDT,SELL,LIMIT,1701101121538,489,2.4458290
WLDUSDT,SELL,LIMIT,1701101122923,688,2.4429896
WLDUSDT,SELL,LIMIT,1701101141353,3,2.4414715
WLDUSDT,SELL,LIMIT,1701101186235,843,2.4426271
WLDUSDT,SELL,LIMIT,1701101226016,3,2.4385944
WLDUSDT,SELL,LIMIT,1701101241615,2003,2.4347112
WLDUSDT,BUY,LIMIT,1701101835261,90,2.5115381
WLDUSDT,SELL,LIMIT,1701102025787,393,2.4665403
WLDUSDT,SELL,LIMIT,1701102047474,134,2.4592121
WLDUSDT,BUY,LIMIT,1701102565876,883,2.5232474
WLDUSDT,BUY,LIMIT,1701102584128,24,2.5294379
WLDUSDT,BUY,LIMIT,1701104266214,170,2.5420501
WLDUSDT,SELL,LIMIT,1701104913160,16,2.4835866
WLDUSDT,SELL,LIMIT,1701105410701,297,2.4712224
WLDUSDT,SELL,LIMIT,1701105490637,7,2.4647515
WLDUSDT,SELL,LIMIT,1701107469067,99,2.4598230
WLDUSDT,SELL,LIMIT,1701107472065,13,2.4588463
WLDUSDT,BUY,LIMIT,1701111107700,46,2.5053988
WLDUSDT,SELL,LIMIT,1701111859403,10,2.4680701
WLDUSDT,SELL,LIMIT,1701111908572,997,2.4643134
WLDUSDT,BUY,LIMIT,1701111921202,356,2.5135870
WLDUSDT,SELL,LIMIT,1701112080721,7,2.4591906
WLDUSDT,SELL,LIMIT,1701112123748,342,2.4556258
WLDUSDT,SELL,LIMIT,1701112208272,70,2.4501058
WLDUSDT,SELL,LIMIT,1701112214919,96,2.4503853
WLDUSDT,SELL,LIMIT,1701112224091,240,2.4464862
WLDUSDT,BUY,LIMIT,1701113724162,65,2.5238171
WLDUSDT,BUY,LIMIT,1701113790987,263,2.5263501
WLDUSDT,SELL,LIMIT,1701114264255,2,5.2781478
WLDUSDT,SELL,LIMIT,1701114341237,336,2.4541551
WLDUSDT,SELL,LIMIT,1701114344366,461,2.4536161
WLDUSDT,SELL,LIMIT,1701114353882,1872,2.4534369
WLDUSDT,SELL,LIMIT,1701114356060,213,2.4531871
WLDUSDT,SELL,LIMIT,1701114472149,267,2.4559528
WLDUSDT,SELL,LIMIT,1701114473196,84,2.4547975
WLDUSDT,SELL,LIMIT,1701114474178,28,2.4540692
WLDUSDT,SELL,LIMIT,1701114476476,83,2.4513775
WLDUSDT,SELL,LIMIT,1701114478252,1998,2.4506462
WLDUSDT,SELL,LIMIT,1701114489733,789,2.4489948
WLDUSDT,SELL,LIMIT,1701114493448,28,2.4472261
WLDUSDT,SELL,LIMIT,1701114494716,22,2.4444250
WLDUSDT,SELL,LIMIT,1701114497434,107,2.4426488
WLDUSDT,SELL,LIMIT,1701114532547,1991,2.4433037
WLDUSDT,BUY,LIMIT,1701115697662,45,2.5342030
WLDUSDT,SELL,LIMIT,1701116873725,1989,2.4766439
WLDUSDT,SELL,LIMIT,1701118497833,5,2.4584291
WLDUSDT,BUY,LIMIT,1701118737445,57,2.5170041
WLDUSDT,SELL,LIMIT,1701122230406,31,2.4657211
WLDUSDT,SELL,LIMIT,1701123413854,12,2.4582044
WLDUSDT,SELL,LIMIT,1701123683161,1253,2.4511292
WLDUSDT,SELL,LIMIT,1701123688904,283,2.4493389
WLDUSDT,SELL,LIMIT,1701123695539,35,2.4452078
WLDUSDT,SELL,LIMIT,1701123747261,72,2.4379964
WLDUSDT,SELL,LIMIT,1701123749100,185,2.4357431
WLDUSDT,SELL,LIMIT,1701123806634,112,2.4348454
WLDUSDT,BUY,LIMIT,1701125911863,3,2.5176326
WLDUSDT,SELL,LIMIT,1701127480112,225,2.4695851
WLDUSDT,BUY,LIMIT,1701129815843,63,2.5394864
WLDUSDT,SELL,LIMIT,1701129861546,20,2.4928500
WLDUSDT,BUY,LIMIT,1701129877913,14,2.5465981
WLDUSDT,BUY,LIMIT,1701129890453,1000,2.5497508
WLDUSDT,BUY,LIMIT,1701129893094,1179,2.5506686
WLDUSDT,BUY,LIMIT,1701129925107,41,2.5558301
WLDUSDT,BUY,LIMIT,1701129926122,28,2.5576395
WLDUSDT,BUY,LIMIT,1701129932284,682,2.5602425
WLDUSDT,BUY,LIMIT,1701130933041,127,2.5638904
WLDUSDT,BUY,LIMIT,1701131077647,202,2.5736808
WLDUSDT,BUY,LIMIT,1701131088097,216,2.5755871
WLDUSDT,BUY,LIMIT,1701131558183,27,2.5775871
WLDUSDT,BUY,LIMIT,1701131753757,17,2.5782497
WLDUSDT,BUY,LIMIT,1701131855257,839,2.5842650
WLDUSDT,BUY,LIMIT,1701131895267,56,2.5876468
WLDUSDT,BUY,LIMIT,1701131913555,2625,2.5976632
WLDUSDT,BUY,LIMIT,1701132219061,218,2.5923059
WLDUSDT,BUY,LIMIT,1701132230391,189,2.5971140
WLDUSDT,BUY,LIMIT,1701132262803,14,2.6011595
WLDUSDT,BUY,LIMIT,1701132928341,126,2.5791240
WLDUSDT,SELL,LIMIT,1701133580133,100,2.5142586
WLDUSDT,SELL,LIMIT,1701135643167,174,2.4973733
WLDUSDT,SELL,LIMIT,1701135672783,517,2.4965649
WLDUSDT,SELL,LIMIT,1701136878014,1378,2.4861037
WLDUSDT,SELL,LIMIT,1701136887390,13,2.4832884
WLDUSDT,SELL,LIMIT,1701136892332,450,2.4824855
WLDUSDT,SELL,LIMIT,1701137125767,518,2.4674185
WLDUSDT,SELL,LIMIT,1701137127323,1421,2.4646808
WLDUSDT,SELL,LIMIT,1701137164247,163,2.4591740
WLDUSDT,SELL,LIMIT,1701137181003,1996,2.4536667
WLDUSDT,SELL,LIMIT,1701137202135,219,2.4486575
WLDUSDT,SELL,LIMIT,1701137212089,65,2.4473848
WLDUSDT,SELL,LIMIT,1701137247366,36,2.4427239
WLDUSDT,SELL,LIMIT,1701137325447,38,2.4374151
WLDUSDT,SELL,LIMIT,1701137344962,111,2.4347195
WLDUSDT,SELL,LIMIT,1701137380061,573,2.4343434
WLDUSDT,SELL,LIMIT,1701137384425,3,2.4333579
WLDUSDT,SELL,LIMIT,1701137437220,2014,2.4327463
WLDUSDT,BUY,LIMIT,1701138100317,101,2.5073767
WLDUSDT,BUY,LIMIT,1701138497299,247,2.5172757
WLDUSDT,SELL,LIMIT,1701144400622,1180,2.4566830
WLDUSDT,SELL,LIMIT,1701145403959,1038,2.4533944
WLDUSDT,SELL,LIMIT,1701145454199,146,2.4497160
WLDUSDT,SELL,LIMIT,1701146059038,192,2.4414228
WLDUSDT,SELL,LIMIT,1701146541089,33,2.4358120
WLDUSDT,SELL,LIMIT,1701147065062,5755,2.4136870
WLDUSDT,SELL,LIMIT,1701147066108,66,2.4265210
WLDUSDT,SELL,LIMIT,1701147067352,266,2.4236212
WLDUSDT,SELL,LIMIT,1701147070423,3,2.4222565
WLDUSDT,SELL,LIMIT,1701147081326,115,2.4232095
WLDUSDT,SELL,LIMIT,1701147087694,55,2.4232576
WLDUSDT,SELL,LIMIT,1701147089154,3,2.4219832
WLDUSDT,SELL,LIMIT,1701147118784,783,2.4214939
WLDUSDT,SELL,LIMIT,1701147123256,85,2.4211610
WLDUSDT,SELL,LIMIT,1701147811928,29,2.4195964
WLDUSDT,SELL,LIMIT,1701147825036,22,2.4177824
WLDUSDT,SELL,LIMIT,1701147826213,1907,2.4166812
WLDUSDT,SELL,LIMIT,1701147827354,83,2.4159596
WLDUSDT,SELL,LIMIT,1701147879801,3,2.4155651
WLDUSDT,SELL,LIMIT,1701147881257,2783,2.4066967
WLDUSDT,SELL,LIMIT,1701147882472,48,2.4120670
WLDUSDT,SELL,LIMIT,1701147884599,203,2.4116034
WLDUSDT,SELL,LIMIT,1701147887648,1979,2.4117552
WLDUSDT,SELL,LIMIT,1701147889270,7,2.4114545
WLDUSDT,SELL,LIMIT,1701147890975,579,2.4108716
WLDUSDT,SELL,LIMIT,1701147957158,73,2.4094621
WLDUSDT,SELL,LIMIT,1701147958926,15,2.4093434
WLDUSDT,SELL,LIMIT,1701148131172,815,2.4080275
WLDUSDT,SELL,LIMIT,1701148132238,77,2.4080135
WLDUSDT,SELL,LIMIT,1701148133889,116,2.4031905
WLDUSDT,SELL,LIMIT,1701148203073,2012,2.4071421
WLDUSDT,SELL,LIMIT,1701148212536,1586,2.4026360
WLDUSDT,SELL,LIMIT,1701148259420,186,2.4017160
WLDUSDT,SELL,LIMIT,1701148850967,2555,2.4096226
WLDUSDT,SELL,LIMIT,1701148939260,453,2.4122974
WLDUSDT,SELL,LIMIT,1701149837130,2,2.4077326
WLDUSDT,SELL,LIMIT,1701149881096,178,2.3997480
WLDUSDT,SELL,LIMIT,1701149882444,110,2.4006310
WLDUSDT,SELL,LIMIT,1701149892067,376,2.4013257
WLDUSDT,SELL,LIMIT,1701151263535,240,2.3985974
WLDUSDT,SELL,LIMIT,1701151269224,383,2.3981447
WLDUSDT,SELL,LIMIT,1701151270430,3782,2.3863917
WLDUSDT,SELL,LIMIT,1701151271602,572,2.3968910
WLDUSDT,SELL,LIMIT,1701151273329,516,2.3954543
WLDUSDT,SELL,LIMIT,1701151274530,2,2.3921417
WLDUSDT,SELL,LIMIT,1701151281236,171,2.3988494
WLDUSDT,SELL,LIMIT,1701152851711,1027,2.3946873
WLDUSDT,SELL,LIMIT,1701154078466,190,2.3914655
WLDUSDT,SELL,LIMIT,1701154157054,15,2.3908447
WLDUSDT,SELL,LIMIT,1701154158258,27,2.3903112
WLDUSDT,SELL,LIMIT,1701155359113,134,2.3916641
WLDUSDT,SELL,LIMIT,1701155462134,6515,2.3819082
WLDUSDT,SELL,LIMIT,1701155596278,67,2.3929830
WLDUSDT,SELL,LIMIT,1701155753349,587,2.4003794
WLDUSDT,SELL,LIMIT,1701156141922,110,2.3949364
WLDUSDT,SELL,LIMIT,1701156877091,5,2.4021361
WLDUSDT,BUY,LIMIT,1701157302446,73,2.4613307
WLDUSDT,BUY,LIMIT,1701157952093,2066,2.4683585
WLDUSDT,BUY,LIMIT,1701157962114,103,2.4690943
WLDUSDT,BUY,LIMIT,1701157963449,13,2.4693337
WLDUSDT,SELL,LIMIT,1701161787051,3,2.3877701
WLDUSDT,SELL,LIMIT,1701161791585,10,2.3876167
WLDUSDT,SELL,LIMIT,1701161951086,158,2.3873611
WLDUSDT,SELL,LIMIT,1701161954803,19,2.3870130
WLDUSDT,SELL,LIMIT,1701161958396,180,2.3867154
WLDUSDT,SELL,LIMIT,1701161971949,70,2.3860515
WLDUSDT,SELL,LIMIT,1701161989831,74,2.3857463
WLDUSDT,SELL,LIMIT,1701162061768,2,2.3843580
WLDUSDT,SELL,LIMIT,1701162623272,3,2.3821307
WLDUSDT,SELL,LIMIT,1701162631690,9,2.3798036
WLDUSDT,SELL,LIMIT,1701162633105,3,2.3792622
WLDUSDT,SELL,LIMIT,1701163982085,17,2.3786523
WLDUSDT,BUY,LIMIT,1701164979098,115,2.4561793
WLDUSDT,BUY,LIMIT,1701164984314,17,2.4576483
WLDUSDT,BUY,LIMIT,1701165064530,50,2.4601939
WLDUSDT,BUY,LIMIT,1701165070126,15,2.4630096
WLDUSDT,BUY,LIMIT,1701165081053,208,2.4656624
WLDUSDT,BUY,LIMIT,1701165083105,16,2.4677131
WLDUSDT,SELL,LIMIT,1701167043592,72,2.3904338
WLDUSDT,SELL,LIMIT,1701167264676,19,2.3856912
WLDUSDT,SELL,LIMIT,1701167304265,247,2.3828352
WLDUSDT,SELL,LIMIT,1701167644880,123,2.3792470
WLDUSDT,SELL,LIMIT,1701167647071,20,2.3790481
WLDUSDT,SELL,LIMIT,1701167648430,100,2.3786879
WLDUSDT,SELL,LIMIT,1701168058327,20,2.4089331
WLDUSDT,BUY,LIMIT,1701169304047,60,2.4521116
WLDUSDT,SELL,LIMIT,1701170768065,9585,2.3982619
WLDUSDT,BUY,LIMIT,1701170873129,300,2.4618657
WLDUSDT,BUY,LIMIT,1701170953913,477,2.4686814
WLDUSDT,BUY,LIMIT,1701170957400,40,2.4120545
WLDUSDT,BUY,LIMIT,1701171145611,370,2.4703503
WLDUSDT,BUY,LIMIT,1701171967809,3,2.4767905
WLDUSDT,BUY,LIMIT,1701172073110,519,2.4764295
WLDUSDT,BUY,LIMIT,1701172095553,153,2.4779529
WLDUSDT,BUY,LIMIT,1701172140182,2077,2.4851547
WLDUSDT,BUY,LIMIT,1701172141320,728,2.4804536
WLDUSDT,BUY,LIMIT,1701172142732,19,2.4866428
WLDUSDT,BUY,LIMIT,1701172145112,1579,2.4879066
WLDUSDT,BUY,LIMIT,1701172146367,301,2.4885147
WLDUSDT,BUY,LIMIT,1701172477110,247,2.4913744
WLDUSDT,BUY,LIMIT,1701172868785,15,2.4925755
WLDUSDT,BUY,LIMIT,1701172870049,105,2.4936796
WLDUSDT,SELL,LIMIT,1701173732443,54,2.4169800
WLDUSDT,SELL,LIMIT,1701174106412,55,2.4142265
WLDUSDT,SELL,LIMIT,1701176611348,879,2.4113903
WLDUSDT,SELL,LIMIT,1701176735549,27,2.4091047
WLDUSDT,BUY,LIMIT,1701178134120,26,2.4929372
WLDUSDT,BUY,LIMIT,1701178135344,135,2.4933330
WLDUSDT,BUY,LIMIT,1701179230258,77,2.4975157
WLDUSDT,BUY,LIMIT,1701179574042,4,2.4994895
WLDUSDT,BUY,LIMIT,1701179575490,412,2.4995992
WLDUSDT,BUY,LIMIT,1701179592144,182,2.5015207
WLDUSDT,BUY,LIMIT,1701179597101,4,2.5023690
WLDUSDT,BUY,LIMIT,1701179600554,396,2.5036503
WLDUSDT,BUY,LIMIT,1701179602437,121,2.5037550
WLDUSDT,BUY,LIMIT,1701179624887,539,2.5056956
WLDUSDT,BUY,LIMIT,1701179633217,2032,2.5087274
WLDUSDT,BUY,LIMIT,1701179634860,126,2.5097565
WLDUSDT,BUY,LIMIT,1701179752910,1553,2.5127681
WLDUSDT,BUY,LIMIT,1701179762649,90,2.5138825
WLDUSDT,BUY,LIMIT,1701179764739,328,2.5142434
WLDUSDT,BUY,LIMIT,1701179799895,13,2.5163495
WLDUSDT,BUY,LIMIT,1701180062333,2028,2.5175835
WLDUSDT,BUY,LIMIT,1701180089060,5,2.5191833
WLDUSDT,BUY,LIMIT,1701180092309,1400,2.5200509
WLDUSDT,BUY,LIMIT,1701182620153,9,2.4998251
WLDUSDT,SELL,LIMIT,1701183742052,53,2.4399683
WLDUSDT,SELL,LIMIT,1701183743197,56,2.4389939
WLDUSDT,SELL,LIMIT,1701185527366,27,2.4366860
WLDUSDT,SELL,LIMIT,1701185537115,29,2.4352195
WLDUSDT,SELL,LIMIT,1701185892163,444,2.4285569
WLDUSDT,SELL,LIMIT,1701186140843,8,2.4270296
WLDUSDT,SELL,LIMIT,1701186142140,3,2.4213780
WLDUSDT,SELL,LIMIT,1701186143395,21,2.4190303
WLDUSDT,SELL,LIMIT,1701187428626,95,2.5338295
WLDUSDT,SELL,LIMIT,1701187564772,1978,2.4175171
WLDUSDT,SELL,LIMIT,1701187931352,26,2.4172818
WLDUSDT,BUY,LIMIT,1701188505829,4,2.3686790
WLDUSDT,BUY,LIMIT,1701188511809,28,2.4190044
WLDUSDT,BUY,LIMIT,1701189151718,100,2.4977151
WLDUSDT,BUY,LIMIT,1701189387655,8,2.4814074
WLDUSDT,BUY,LIMIT,1701189803657,3,2.5143546
WLDUSDT,BUY,LIMIT,1701189820662,2,2.4769705
WLDUSDT,BUY,LIMIT,1701189824273,69,2.5188361
WLDUSDT,BUY,LIMIT,1701189977261,5,2.4407926
WLDUSDT,BUY,LIMIT,1701190169427,5,2.4823264
WLDUSDT,BUY,LIMIT,1701190266185,10,2.4777262
WLDUSDT,BUY,LIMIT,1701190275755,10,2.5138707
WLDUSDT,BUY,LIMIT,1701190518123,171,2.5223896
WLDUSDT,BUY,LIMIT,1701190685049,1216,2.5255980
WLDUSDT,BUY,LIMIT,1701190687144,292,2.5265247
WLDUSDT,BUY,LIMIT,1701190701077,686,2.5304168
WLDUSDT,BUY,LIMIT,1701190828550,32,2.5327769
WLDUSDT,BUY,LIMIT,1701190838342,215,2.5346621
WLDUSDT,BUY,LIMIT,1701190844231,161,2.5347661
WLDUSDT,BUY,LIMIT,1701190921249,316,2.5345175
WLDUSDT,BUY,LIMIT,1701190928254,3,2.5386578
WLDUSDT,BUY,LIMIT,1701190975653,162,2.5439448
WLDUSDT,BUY,LIMIT,1701190976818,3,2.5441282
WLDUSDT,BUY,LIMIT,1701190980081,1236,2.5453151
WLDUSDT,SELL,LIMIT,1701191153285,676,2.4632247
WLDUSDT,SELL,LIMIT,1701191903420,381,2.4579929
WLDUSDT,BUY,LIMIT,1701192143484,5,2.5223390
WLDUSDT,BUY,LIMIT,1701192281784,2481,2.5400591
WLDUSDT,BUY,LIMIT,1701192282949,5,2.5345218
WLDUSDT,BUY,LIMIT,1701192319692,5,2.5289173
WLDUSDT,BUY,LIMIT,1701192386024,98,2.5376374
WLDUSDT,BUY,LIMIT,1701192387109,16,2.5403564
WLDUSDT,BUY,LIMIT,1701192714615,7,2.5425386
WLDUSDT,BUY,LIMIT,1701193958965,374,2.5450684
WLDUSDT,BUY,LIMIT,1701193975954,122,2.5469863
WLDUSDT,BUY,LIMIT,1701193977922,47,2.5501149
WLDUSDT,BUY,LIMIT,1701194382820,290,2.5506937
WLDUSDT,BUY,LIMIT,1701194427115,236,2.5526441
WLDUSDT,BUY,LIMIT,1701194782048,41,2.5307942
WLDUSDT,BUY,LIMIT,1701196136314,1,2.5413000
WLDUSDT,SELL,LIMIT,1701197415846,135,2.4617996
WLDUSDT,SELL,LIMIT,1701197424064,19,2.4600746
WLDUSDT,SELL,LIMIT,1701197571061,1549,2.4521664
WLDUSDT,SELL,LIMIT,1701197838334,221,2.4597850
WLDUSDT,BUY,LIMIT,1701197841180,43,2.5098219
WLDUSDT,BUY,LIMIT,1701197853444,1,2.5106110
WLDUSDT,SELL,LIMIT,1701197859260,239,2.4609496
WLDUSDT,BUY,LIMIT,1701197862396,3158,2.5207017
WLDUSDT,SELL,LIMIT,1701197872708,45,2.4614283
WLDUSDT,BUY,LIMIT,1701198132424,15,2.5287011
WLDUSDT,BUY,LIMIT,1701200475258,100,2.5318607
WLDUSDT,BUY,LIMIT,1701200541333,39,2.5354662
WLDUSDT,BUY,LIMIT,1701200618040,131,2.5378076
WLDUSDT,BUY,LIMIT,1701201635236,250,2.5061295
WLDUSDT,BUY,LIMIT,1701201699977,331,2.5239510
WLDUSDT,SELL,LIMIT,1701203540155,48,2.4577070
WLDUSDT,BUY,LIMIT,1701204965449,125,2.5352228
WLDUSDT,BUY,LIMIT,1701204989898,11,2.5381977
WLDUSDT,BUY,LIMIT,1701205562497,11,2.5516279
WLDUSDT,BUY,LIMIT,1701205708816,1970,2.5537809
WLDUSDT,BUY,LIMIT,1701205813272,89,2.5561075
WLDUSDT,BUY,LIMIT,1701205815580,91,2.5565285
WLDUSDT,BUY,LIMIT,1701206137294,239,2.5543531
WLDUSDT,BUY,LIMIT,1701206776234,43,2.5579923
WLDUSDT,BUY,LIMIT,1701206789256,3470,2.5738029
WLDUSDT,BUY,LIMIT,1701206790302,8,2.5628895
WLDUSDT,BUY,LIMIT,1701206795420,3,2.5660040
WLDUSDT,BUY,LIMIT,1701207077989,4,1.9962100
WLDUSDT,BUY,LIMIT,1701209397199,28,2.5670222
WLDUSDT,BUY,LIMIT,1701209403702,43,2.5682404
WLDUSDT,BUY,LIMIT,1701212174959,16,2.5543556
WLDUSDT,SELL,LIMIT,1701214840142,29,2.4859533
WLDUSDT,BUY,LIMIT,1701220304114,136,2.5769234
WLDUSDT,BUY,LIMIT,1701220306080,7,2.5778587
WLDUSDT,BUY,LIMIT,1701220309037,1587,2.5793969
WLDUSDT,BUY,LIMIT,1701220318376,287,2.5835669
WLDUSDT,BUY,LIMIT,1701220324518,3,2.5863734
WLDUSDT,BUY,LIMIT,1701220327748,817,2.5879991
WLDUSDT,BUY,LIMIT,1701220350009,1948,2.5913287
WLDUSDT,BUY,LIMIT,1701220354079,30,2.5933223
WLDUSDT,BUY,LIMIT,1701220360462,287,2.5949359
WLDUSDT,BUY,LIMIT,1701220406075,125,2.5982863
WLDUSDT,BUY,LIMIT,1701220407128,130,2.5976375
WLDUSDT,BUY,LIMIT,1701220767081,118,2.6000517
WLDUSDT,BUY,LIMIT,1701221637125,355,2.6033683
WLDUSDT,BUY,LIMIT,1701221644505,1303,2.6043381
WLDUSDT,BUY,LIMIT,1701221671122,10,2.6058456
WLDUSDT,BUY,LIMIT,1701221675893,40,2.6071022
WLDUSDT,BUY,LIMIT,1701221887635,8,2.6083644
WLDUSDT,BUY,LIMIT,1701221975950,5,2.6111046
WLDUSDT,BUY,LIMIT,1701221981914,162,2.6119375
WLDUSDT,BUY,LIMIT,1701222047445,6,2.6154901
WLDUSDT,BUY,LIMIT,1701222051160,26,2.6179741
WLDUSDT,BUY,LIMIT,1701224154061,94,2.6158684
WLDUSDT,BUY,LIMIT,1701224416167,2703,2.6289586
WLDUSDT,BUY,LIMIT,1701224845696,31,2.6233589
WLDUSDT,BUY,LIMIT,1701224946209,10429,2.6474832
WLDUSDT,SELL,LIMIT,1701226070741,1927,2.5424429
WLDUSDT,SELL,LIMIT,1701226072119,683,2.5406515
WLDUSDT,BUY,LIMIT,1701227621124,269,2.6144814
WLDUSDT,BUY,LIMIT,1701228656273,387,2.6237707
WLDUSDT,BUY,LIMIT,1701229374657,187,2.6248960
WLDUSDT,BUY,LIMIT,1701229772337,201,2.6287172
WLDUSDT,BUY,LIMIT,1701229780619,220,2.6283426
WLDUSDT,BUY,LIMIT,1701229790890,42,2.6299540
WLDUSDT,BUY,LIMIT,1701229794184,400,2.6320768
WLDUSDT,BUY,LIMIT,1701229924131,127,2.6415864
WLDUSDT,BUY,LIMIT,1701229925303,6,2.6407806
WLDUSDT,BUY,LIMIT,1701229936944,2,2.6410816
WLDUSDT,BUY,LIMIT,1701229939187,20,2.6418512
WLDUSDT,BUY,LIMIT,1701229969682,69,2.6435026
WLDUSDT,BUY,LIMIT,1701229986253,285,2.6442880
WLDUSDT,BUY,LIMIT,1701230027974,70,2.6453444
WLDUSDT,BUY,LIMIT,1701230035276,3,2.6460501
WLDUSDT,BUY,LIMIT,1701230037774,653,2.6461464
WLDUSDT,BUY,LIMIT,1701230039870,124,2.6463577
WLDUSDT,BUY,LIMIT,1701230046401,1205,2.6516500
WLDUSDT,BUY,LIMIT,1701230350858,143,2.6561427
WLDUSDT,BUY,LIMIT,1701230476111,9,2.6589260
WLDUSDT,BUY,LIMIT,1701230877077,27,2.6597945
WLDUSDT,BUY,LIMIT,1701230881211,170,2.6620132
WLDUSDT,BUY,LIMIT,1701230884209,6,2.6635594
WLDUSDT,BUY,LIMIT,1701230887871,484,2.6656906
WLDUSDT,SELL,LIMIT,1701233566745,207,2.5761618
WLDUSDT,SELL,LIMIT,1701233579415,512,2.5753074
WLDUSDT,SELL,LIMIT,1701233676280,92,2.5720202
WLDUSDT,BUY,LIMIT,1701237615794,415,2.6367834
WLDUSDT,BUY,LIMIT,1701238293815,2485,2.6289064
WLDUSDT,SELL,LIMIT,1701239284249,106,2.6233775
WLDUSDT,SELL,LIMIT,1701239287254,149,2.5590741
WLDUSDT,SELL,LIMIT,1701239319308,103,2.5583745
WLDUSDT,BUY,LIMIT,1701241095146,10316,2.6433946
WLDUSDT,BUY,LIMIT,1701243184613,183,2.6159150
WLDUSDT,SELL,LIMIT,1701243576133,120,2.5515450
WLDUSDT,SELL,LIMIT,1701243596875,98,2.5498700
WLDUSDT,SELL,LIMIT,1701243607294,171,2.5474914
WLDUSDT,SELL,LIMIT,1701243672046,20,2.5470200
WLDUSDT,SELL,LIMIT,1701243681654,35,2.5459839
WLDUSDT,SELL,LIMIT,1701243698894,34,2.5440244
WLDUSDT,SELL,LIMIT,1701243700254,566,2.5439115
WLDUSDT,SELL,LIMIT,1701243703371,105,2.5432637
WLDUSDT,BUY,LIMIT,1701244013605,111,2.6001314
WLDUSDT,SELL,LIMIT,1701244020544,201,2.5524872
WLDUSDT,SELL,LIMIT,1701244545397,175,2.5388707
WLDUSDT,SELL,LIMIT,1701244676127,89,2.5359017
WLDUSDT,SELL,LIMIT,1701244702673,7,2.5352945
WLDUSDT,SELL,LIMIT,1701245647732,226,2.5281150
WLDUSDT,SELL,LIMIT,1701245657127,101,2.5275575
WLDUSDT,SELL,LIMIT,1701245741043,38,2.5249429
WLDUSDT,SELL,LIMIT,1701245753411,21,2.5205333
WLDUSDT,SELL,LIMIT,1701245760094,137,2.5189729
WLDUSDT,SELL,LIMIT,1701245767709,7,2.5177688
WLDUSDT,SELL,LIMIT,1701245775529,126,2.5175661
WLDUSDT,BUY,LIMIT,1701246124503,176,2.5778230
WLDUSDT,BUY,LIMIT,1701246760159,2226,2.6031201
WLDUSDT,BUY,LIMIT,1701246859118,1303,2.6137530
WLDUSDT,BUY,LIMIT,1701246881371,64,2.6182199
WLDUSDT,BUY,LIMIT,1701248241774,181,2.6016275
WLDUSDT,BUY,LIMIT,1701248274167,125,2.6026103
WLDUSDT,BUY,LIMIT,1701248659549,40,2.6136975
WLDUSDT,SELL,LIMIT,1701250279147,51,2.5292326
WLDUSDT,SELL,LIMIT,1701252234295,62,2.5240578
WLDUSDT,BUY,LIMIT,1701253161359,94,2.5884173
WLDUSDT,BUY,LIMIT,1701253210331,22,2.5855710
WLDUSDT,SELL,LIMIT,1701254049258,4,2.5207606
WLDUSDT,SELL,LIMIT,1701254231259,110,2.5136250
WLDUSDT,SELL,LIMIT,1701254320500,78,2.5171938
WLDUSDT,SELL,LIMIT,1701254370457,37,2.5215092
WLDUSDT,SELL,LIMIT,1701254412830,38,2.5128219
WLDUSDT,SELL,LIMIT,1701254417527,195,2.5120809
WLDUSDT,SELL,LIMIT,1701254420154,60,2.5116126
WLDUSDT,BUY,LIMIT,1701254891472,268,2.5928068
WLDUSDT,BUY,LIMIT,1701254896927,20,2.5962511
WLDUSDT,BUY,LIMIT,1701254953266,4,2.6052225
WLDUSDT,BUY,LIMIT,1701255880303,500,2.6146284
WLDUSDT,BUY,LIMIT,1701255889205,4,2.6164512
WLDUSDT,BUY,LIMIT,1701255890683,2,2.6181913
WLDUSDT,SELL,LIMIT,1701258023852,1162,2.5473872
WLDUSDT,SELL,LIMIT,1701260192095,243,2.5342027
WLDUSDT,SELL,LIMIT,1701260294013,119,2.5356196
WLDUSDT,BUY,LIMIT,1701261006061,445,2.6059731
WLDUSDT,SELL,LIMIT,1701262801541,274,2.5279901
WLDUSDT,SELL,LIMIT,1701262873561,367,2.5246278
WLDUSDT,SELL,LIMIT,1701264117880,134,2.5243827
WLDUSDT,SELL,LIMIT,1701264330088,300,2.5118596
WLDUSDT,SELL,LIMIT,1701264341224,17,2.5073210
WLDUSDT,SELL,LIMIT,1701264351062,38,2.5022448
WLDUSDT,SELL,LIMIT,1701264392649,50,2.5012745
WLDUSDT,SELL,LIMIT,1701267766117,305,2.4949674
WLDUSDT,SELL,LIMIT,1701267767185,494,2.4940262
WLDUSDT,SELL,LIMIT,1701267768335,2,2.4934940
WLDUSDT,SELL,LIMIT,1701267774215,82,2.4933910
WLDUSDT,SELL,LIMIT,1701267792181,38,2.4923258
WLDUSDT,SELL,LIMIT,1701267794541,58,2.4919830
WLDUSDT,SELL,LIMIT,1701267795934,11,2.4916162
WLDUSDT,SELL,LIMIT,1701267802310,58,2.4900998
WLDUSDT,SELL,LIMIT,1701267806333,540,2.4894373
WLDUSDT,SELL,LIMIT,1701267811199,96,2.4888588
WLDUSDT,SELL,LIMIT,1701268456103,1925,2.4899163
WLDUSDT,SELL,LIMIT,1701269151487,21,2.4899135
WLDUSDT,SELL,LIMIT,1701269152518,227,2.4899135
WLDUSDT,SELL,LIMIT,1701270054917,98,2.4870956
WLDUSDT,SELL,LIMIT,1701270056356,23,2.4867887
WLDUSDT,SELL,LIMIT,1701270058627,35,2.4861278
WLDUSDT,SELL,LIMIT,1701270318638,99,2.4888065
WLDUSDT,SELL,LIMIT,1701270335395,117,2.4858770
WLDUSDT,SELL,LIMIT,1701270411408,59,2.4848020
WLDUSDT,SELL,LIMIT,1701270451014,74,2.4864905
WLDUSDT,SELL,LIMIT,1701270460211,6516,2.4646260
WLDUSDT,SELL,LIMIT,1701270462072,276,2.4753605
WLDUSDT,SELL,LIMIT,1701270463223,57,2.4733933
WLDUSDT,SELL,LIMIT,1701270465349,257,2.4696206
WLDUSDT,SELL,LIMIT,1701270478260,1579,2.4724261
WLDUSDT,SELL,LIMIT,1701270481425,8,2.4671726
WLDUSDT,SELL,LIMIT,1701270550087,20,2.4652899
WLDUSDT,SELL,LIMIT,1701270551407,26,2.4646869
WLDUSDT,SELL,LIMIT,1701270553059,4,2.4615067
WLDUSDT,SELL,LIMIT,1701270554116,105,2.4598488
WLDUSDT,SELL,LIMIT,1701270555747,177,2.4594233
WLDUSDT,SELL,LIMIT,1701270557069,221,2.4591717
WLDUSDT,SELL,LIMIT,1701270569494,28,2.4576751
WLDUSDT,SELL,LIMIT,1701270571102,46,2.4560771
WLDUSDT,SELL,LIMIT,1701270573213,502,2.4542190
WLDUSDT,SELL,LIMIT,1701270613684,13,2.4525271
WLDUSDT,SELL,LIMIT,1701270616507,115,2.4493641
WLDUSDT,SELL,LIMIT,1701270620535,56,2.4531714
WLDUSDT,SELL,LIMIT,1701270623745,115,2.4509778
WLDUSDT,SELL,LIMIT,1701272086140,1938,2.4456168
WLDUSDT,SELL,LIMIT,1701272087176,73,2.4457647
WLDUSDT,SELL,LIMIT,1701272088291,41,2.4420141
WLDUSDT,SELL,LIMIT,1701272089357,7,2.4423059
WLDUSDT,SELL,LIMIT,1701272160728,444,2.4386755
WLDUSDT,SELL,LIMIT,1701273933236,43,2.4367321
WLDUSDT,SELL,LIMIT,1701273934458,1082,2.4363699
WLDUSDT,SELL,LIMIT,1701273935801,8,2.4355192
WLDUSDT,SELL,LIMIT,1701273960340,794,2.4325442
WLDUSDT,SELL,LIMIT,1701273961444,379,2.4330152
WLDUSDT,SELL,LIMIT,1701274123718,1252,2.4308804
WLDUSDT,SELL,LIMIT,1701274124863,766,2.4301277
WLDUSDT,SELL,LIMIT,1701274421491,84,2.4299466
WLDUSDT,SELL,LIMIT,1701274541397,430,2.4285605
WLDUSDT,SELL,LIMIT,1701274543941,117,2.4278794
WLDUSDT,SELL,LIMIT,1701274547962,1941,2.4274740
WLDUSDT,SELL,LIMIT,1701274596685,11,2.4241589
WLDUSDT,SELL,LIMIT,1701274600104,209,2.4220539
WLDUSDT,SELL,LIMIT,1701274601284,504,2.4228194
WLDUSDT,SELL,LIMIT,1701274745183,2737,2.4133381
WLDUSDT,SELL,LIMIT,1701274746198,285,2.4190895
WLDUSDT,SELL,LIMIT,1701274765112,16,2.4166303
WLDUSDT,SELL,LIMIT,1701274766199,1191,2.4165961
WLDUSDT,SELL,LIMIT,1701274820972,252,2.4142881
WLDUSDT,SELL,LIMIT,1701274824054,44,2.4107318
WLDUSDT,SELL,LIMIT,1701274825075,290,2.4102621
WLDUSDT,SELL,LIMIT,1701275208690,136,2.4100493
WLDUSDT,SELL,LIMIT,1701275219288,84,2.4089921
WLDUSDT,SELL,LIMIT,1701275359211,88,2.4082720
WLDUSDT,SELL,LIMIT,1701275398805,51,2.4079666
WLDUSDT,SELL,LIMIT,1701275400578,34,2.4077054
WLDUSDT,SELL,LIMIT,1701275433921,3,2.4068881
WLDUSDT,SELL,LIMIT,1701275541067,316,2.4063495
WLDUSDT,SELL,LIMIT,1701275591842,508,2.4055482
WLDUSDT,SELL,LIMIT,1701275807532,134,2.4044045
WLDUSDT,SELL,LIMIT,1701275809067,6,2.4039448
WLDUSDT,SELL,LIMIT,1701275822883,257,2.3994269
WLDUSDT,SELL,LIMIT,1701275824229,1184,2.3993346
WLDUSDT,SELL,LIMIT,1701275827124,715,2.3991449
WLDUSDT,SELL,LIMIT,1701275828962,499,2.3990852
WLDUSDT,SELL,LIMIT,1701275834725,53,2.3986137
WLDUSDT,SELL,LIMIT,1701275840054,12,2.3979064
WLDUSDT,SELL,LIMIT,1701276000397,2563,2.3926910
WLDUSDT,SELL,LIMIT,1701276007605,500,2.3966724
WLDUSDT,SELL,LIMIT,1701276064359,20,2.3955747
WLDUSDT,SELL,LIMIT,1701276066477,1641,2.3936752
WLDUSDT,SELL,LIMIT,1701276133202,6,2.3918893
WLDUSDT,SELL,LIMIT,1701276134343,415,2.3912182
WLDUSDT,SELL,LIMIT,1701276307379,8,2.3852491
WLDUSDT,SELL,LIMIT,1701276312077,200,2.3844061
WLDUSDT,SELL,LIMIT,1701276324599,1839,2.3843473
WLDUSDT,SELL,LIMIT,1701276332576,359,2.3842835
WLDUSDT,SELL,LIMIT,1701276337888,5,2.3819975
WLDUSDT,SELL,LIMIT,1701276341857,1541,2.3814830
WLDUSDT,SELL,LIMIT,1701276348507,81,2.3803741
WLDUSDT,SELL,LIMIT,1701281349210,22,2.3900241
WLDUSDT,SELL,LIMIT,1701282028256,3,2.3850111
WLDUSDT,SELL,LIMIT,1701282134160,30,2.3827543
WLDUSDT,SELL,LIMIT,1701282268209,248,2.3793641
WLDUSDT,SELL,LIMIT,1701282274166,102,2.3772463
WLDUSDT,SELL,LIMIT,1701282276074,1421,2.3744562
WLDUSDT,SELL,LIMIT,1701282277245,170,2.3729530
WLDUSDT,SELL,LIMIT,1701282389046,400,2.3720890
WLDUSDT,SELL,LIMIT,1701282707350,944,2.3710238
WLDUSDT,SELL,LIMIT,1701282709536,4,2.3699277
WLDUSDT,SELL,LIMIT,1701282711788,49,2.3697180
WLDUSDT,SELL,LIMIT,1701282826534,59,2.3677288
WLDUSDT,SELL,LIMIT,1701282831474,28,2.3652859
WLDUSDT,SELL,LIMIT,1701282833303,88,2.3648333
WLDUSDT,SELL,LIMIT,1701282837299,3,2.3630016
WLDUSDT,SELL,LIMIT,1701282838682,75,2.3625188
WLDUSDT,SELL,LIMIT,1701282874769,488,2.3621218
WLDUSDT,SELL,LIMIT,1701282876608,2,2.3616735
WLDUSDT,SELL,LIMIT,1701282879132,295,2.3614415
WLDUSDT,SELL,LIMIT,1701282901930,3128,2.3520222
WLDUSDT,SELL,LIMIT,1701282903371,200,2.3592658
WLDUSDT,SELL,LIMIT,1701282905030,52,2.3580562
WLDUSDT,SELL,LIMIT,1701282912114,34,2.3573018
WLDUSDT,SELL,LIMIT,1701282914817,39,2.3567382
WLDUSDT,SELL,LIMIT,1701282916611,402,2.3570066
WLDUSDT,BUY,LIMIT,1701283288909,5,2.4311168
WLDUSDT,SELL,LIMIT,1701285012452,529,2.3930245
WLDUSDT,BUY,LIMIT,1701288287799,10,2.4400439
WLDUSDT,SELL,LIMIT,1701290124096,53,2.3832270
WLDUSDT,SELL,LIMIT,1701290184027,81,2.3812995
WLDUSDT,SELL,LIMIT,1701290266295,201,2.3823216
WLDUSDT,SELL,LIMIT,1701290337788,5,2.3815375
WLDUSDT,SELL,LIMIT,1701290340737,718,2.3806079
WLDUSDT,SELL,LIMIT,1701290347002,203,2.3804100
WLDUSDT,SELL,LIMIT,1701291243502,2061,2.3769851
WLDUSDT,SELL,LIMIT,1701291840533,8,2.3730643
WLDUSDT,SELL,LIMIT,1701291891540,878,2.3684939
WLDUSDT,SELL,LIMIT,1701291994123,20,2.3673889
WLDUSDT,SELL,LIMIT,1701292016914,1000,2.3670086
WLDUSDT,SELL,LIMIT,1701292027272,209,2.3652226
WLDUSDT,SELL,LIMIT,1701292127259,10,2.3646816
WLDUSDT,SELL,LIMIT,1701292496335,150,2.3615587
WLDUSDT,SELL,LIMIT,1701292522752,394,2.3599924
WLDUSDT,SELL,LIMIT,1701292559623,73,2.3587641
WLDUSDT,SELL,LIMIT,1701292564490,117,2.3578492
WLDUSDT,SELL,LIMIT,1701292610045,440,2.3555867
WLDUSDT,SELL,LIMIT,1701292611111,420,2.3442211
WLDUSDT,SELL,LIMIT,1701292612369,196,2.3440413
WLDUSDT,SELL,LIMIT,1701292613546,157,2.3429436
WLDUSDT,SELL,LIMIT,1701292837102,411,2.3431335
WLDUSDT,SELL,LIMIT,1701293097327,40,2.3421396
WLDUSDT,SELL,LIMIT,1701293101462,84,2.3413072
WLDUSDT,SELL,LIMIT,1701293103127,86,2.3410080
WLDUSDT,SELL,LIMIT,1701293115717,67,2.3408634
WLDUSDT,SELL,LIMIT,1701293117757,384,2.3404803
WLDUSDT,SELL,LIMIT,1701293205023,95,2.3398181
WLDUSDT,SELL,LIMIT,1701293373970,61,2.3401554
WLDUSDT,SELL,LIMIT,1701293376610,230,2.3395823
WLDUSDT,SELL,LIMIT,1701293399477,14,2.3389538
WLDUSDT,SELL,LIMIT,1701293445052,172,2.3383204
WLDUSDT,SELL,LIMIT,1701293893221,17,2.3363424
WLDUSDT,SELL,LIMIT,1701293897071,3,2.3348835
WLDUSDT,SELL,LIMIT,1701293898160,233,2.3305287
WLDUSDT,SELL,LIMIT,1701293899175,388,2.3304681
WLDUSDT,SELL,LIMIT,1701293900257,674,2.3285944
WLDUSDT,SELL,LIMIT,1701294653196,2,2.3267240
WLDUSDT,SELL,LIMIT,1701294656163,381,2.3265724
WLDUSDT,SELL,LIMIT,1701294659067,196,2.3235080
WLDUSDT,SELL,LIMIT,1701294660186,344,2.3248132
WLDUSDT,SELL,LIMIT,1701294824210,276,2.3242214
WLDUSDT,SELL,LIMIT,1701294882068,80,2.3233775
WLDUSDT,SELL,LIMIT,1701294969230,25,2.3230741
WLDUSDT,SELL,LIMIT,1701294971238,20,2.3225240
WLDUSDT,SELL,LIMIT,1701294972855,96,2.3224881
WLDUSDT,SELL,LIMIT,1701294974488,950,2.3222689
WLDUSDT,SELL,LIMIT,1701294980565,25,2.3221049
WLDUSDT,SELL,LIMIT,1701294996157,2362,2.3191725
WLDUSDT,SELL,LIMIT,1701294998722,2,2.3207575
WLDUSDT,SELL,LIMIT,1701295005091,2,2.3202426
WLDUSDT,SELL,LIMIT,1701295006413,59,2.3200655
WLDUSDT,SELL,LIMIT,1701295800657,100,2.3193475
WLDUSDT,SELL,LIMIT,1701295802057,700,2.3193031
WLDUSDT,SELL,LIMIT,1701295821887,31,2.3193442
WLDUSDT,SELL,LIMIT,1701297185053,10,2.3181721
WLDUSDT,SELL,LIMIT,1701297192466,37,2.3176085
WLDUSDT,SELL,LIMIT,1701297193468,16,2.3164887
WLDUSDT,SELL,LIMIT,1701297194636,107,2.3147584
WLDUSDT,SELL,LIMIT,1701297200202,40,2.3114093
WLDUSDT,SELL,LIMIT,1701297413892,155,2.3102023
WLDUSDT,SELL,LIMIT,1701297432139,1859,2.3098883
WLDUSDT,SELL,LIMIT,1701297433431,11,2.3092349
WLDUSDT,SELL,LIMIT,1701297440059,98,2.3095446
WLDUSDT,SELL,LIMIT,1701299174260,1310,2.3085650
WLDUSDT,SELL,LIMIT,1701299176606,1515,2.3073688
WLDUSDT,SELL,LIMIT,1701299223885,365,2.3052710
WLDUSDT,SELL,LIMIT,1701299231472,2000,2.3053579
WLDUSDT,SELL,LIMIT,1701299235270,42,2.3047641
WLDUSDT,SELL,LIMIT,1701299972649,133,2.3043443
WLDUSDT,SELL,LIMIT,1701299976468,1600,2.3027948
WLDUSDT,SELL,LIMIT,1701299987866,4,2.3023606
WLDUSDT,SELL,LIMIT,1701299988963,32,2.3023347
WLDUSDT,SELL,LIMIT,1701300002191,71,2.3022141
WLDUSDT,SELL,LIMIT,1701300078592,37,2.3016452
WLDUSDT,SELL,LIMIT,1701300079918,22,2.3014814
WLDUSDT,BUY,LIMIT,1701303832054,1560,2.3801920
WLDUSDT,BUY,LIMIT,1701303841354,6,2.3828929
WLDUSDT,SELL,LIMIT,1701305595511,325,2.3136604
WLDUSDT,SELL,LIMIT,1701305597446,1670,2.3126451
WLDUSDT,SELL,LIMIT,1701305852554,1985,2.3053341
WLDUSDT,SELL,LIMIT,1701305980269,78,2.3013470
WLDUSDT,SELL,LIMIT,1701305985190,43,2.3009517
WLDUSDT,SELL,LIMIT,1701305986288,400,2.3010697
WLDUSDT,SELL,LIMIT,1701306087489,4,2.3001981
WLDUSDT,SELL,LIMIT,1701306088675,23,2.2997029
WLDUSDT,SELL,LIMIT,1701306091257,544,2.2993499
WLDUSDT,SELL,LIMIT,1701306096766,242,2.2993567
WLDUSDT,SELL,LIMIT,1701306147681,416,2.2989986
WLDUSDT,SELL,LIMIT,1701306166670,787,2.3010403
WLDUSDT,SELL,LIMIT,1701306184589,2192,2.2981197
WLDUSDT,SELL,LIMIT,1701306185835,127,2.2982680
WLDUSDT,SELL,LIMIT,1701306215057,39,2.2977006
WLDUSDT,SELL,LIMIT,1701306216131,267,2.2975998
WLDUSDT,SELL,LIMIT,1701306217203,381,2.2969435
WLDUSDT,SELL,LIMIT,1701306218296,663,2.2949118
WLDUSDT,SELL,LIMIT,1701306221371,14,2.2942239
WLDUSDT,SELL,LIMIT,1701306223164,51,2.2936571
WLDUSDT,SELL,LIMIT,1701306231490,226,2.2927813
WLDUSDT,SELL,LIMIT,1701306239166,9,2.2925899
WLDUSDT,SELL,LIMIT,1701306410187,865,2.2984962
WLDUSDT,SELL,LIMIT,1701306436284,192,2.2961229
WLDUSDT,BUY,LIMIT,1701307981415,22,2.3729839
WLDUSDT,BUY,LIMIT,1701308587979,209,2.3789358
WLDUSDT,BUY,LIMIT,1701308613348,59,2.3805275
WLDUSDT,SELL,LIMIT,1701308836137,47,2.3378751
WLDUSDT,SELL,LIMIT,1701310981015,762,2.3271931
WLDUSDT,BUY,LIMIT,1701311930170,336,2.3898077
WLDUSDT,BUY,LIMIT,1701311932090,11,2.3904638
WLDUSDT,BUY,LIMIT,1701312012224,38,2.3922332
WLDUSDT,BUY,LIMIT,1701312390516,21,2.4010806
WLDUSDT,BUY,LIMIT,1701315530429,5,2.4147877
WLDUSDT,BUY,LIMIT,1701315608391,2127,2.4094031
WLDUSDT,BUY,LIMIT,1701316501127,10,2.4144562
WLDUSDT,BUY,LIMIT,1701316731086,3,2.4197219
WLDUSDT,BUY,LIMIT,1701317740051,8,2.4258122
WLDUSDT,BUY,LIMIT,1701319021327,9,2.4310802
WLDUSDT,BUY,LIMIT,1701319273820,583,2.4368410
WLDUSDT,SELL,LIMIT,1701319887704,43,2.3732584
WLDUSDT,SELL,LIMIT,1701319952108,2096,2.3733810
WLDUSDT,SELL,LIMIT,1701320416134,626,2.4056555
WLDUSDT,SELL,LIMIT,1701320904892,150,2.3591645
WLDUSDT,SELL,LIMIT,1701321415176,65,2.3567245
WLDUSDT,SELL,LIMIT,1701321540964,140,2.3539148
WLDUSDT,SELL,LIMIT,1701321570066,520,2.3524762
WLDUSDT,SELL,LIMIT,1701321777898,177,2.3468123
WLDUSDT,SELL,LIMIT,1701321843042,311,2.3444526
WLDUSDT,SELL,LIMIT,1701321917118,122,2.3436583
WLDUSDT,SELL,LIMIT,1701321918166,16,2.3432459
WLDUSDT,SELL,LIMIT,1701321919339,1243,2.3429513
WLDUSDT,BUY,LIMIT,1701326049925,272,2.4132981
WLDUSDT,SELL,LIMIT,1701327039226,3,2.3363912
WLDUSDT,BUY,LIMIT,1701330706401,32,2.4197498
WLDUSDT,SELL,LIMIT,1701330938400,12,2.5186394
WLDUSDT,SELL,LIMIT,1701331964216,14,2.3439359
WLDUSDT,SELL,LIMIT,1701333021267,41,2.3441819
WLDUSDT,BUY,LIMIT,1701340894419,705,2.4305139
WLDUSDT,BUY,LIMIT,1701343907679,16,2.4298484
WLDUSDT,SELL,LIMIT,1701347048910,180,2.3589625
WLDUSDT,SELL,LIMIT,1701347749036,4,2.3568297
WLDUSDT,SELL,LIMIT,1701347829373,31,2.3554837
WLDUSDT,SELL,LIMIT,1701349278106,5,2.3634777
WLDUSDT,SELL,LIMIT,1701349697900,565,2.3454642
WLDUSDT,SELL,LIMIT,1701353041555,3,2.3425461
WLDUSDT,BUY,LIMIT,1701354792335,162,2.4162559
WLDUSDT,BUY,LIMIT,1701356012039,18,2.4257421
WLDUSDT,BUY,LIMIT,1701356144480,192,2.4294248
WLDUSDT,BUY,LIMIT,1701356179380,29,2.4301399
WLDUSDT,BUY,LIMIT,1701356223126,248,2.4312032
WLDUSDT,BUY,LIMIT,1701356225096,266,2.4315614
WLDUSDT,BUY,LIMIT,1701357489131,32,2.4443594
WLDUSDT,BUY,LIMIT,1701357491348,73,2.4456017
WLDUSDT,SELL,LIMIT,1701361296247,39,2.3698911
WLDUSDT,SELL,LIMIT,1701363697063,268,2.3650613
WLDUSDT,SELL,LIMIT,1701363719139,64,2.3644586
WLDUSDT,SELL,LIMIT,1701363723347,41,2.3638462
WLDUSDT,SELL,LIMIT,1701363815108,36,2.3722614
WLDUSDT,BUY,LIMIT,1701367718501,1868,2.4415972
WLDUSDT,BUY,LIMIT,1701367721875,152,2.4438724
WLDUSDT,BUY,LIMIT,1701367737050,5,2.4464160
WLDUSDT,BUY,LIMIT,1701371954381,25,2.4521759
WLDUSDT,BUY,LIMIT,1701371955507,171,2.4518320
WLDUSDT,BUY,LIMIT,1701372145817,33,2.4562088
WLDUSDT,BUY,LIMIT,1701372193943,432,2.4603952
WLDUSDT,BUY,LIMIT,1701372206905,81,2.4605447
WLDUSDT,BUY,LIMIT,1701372261432,141,2.4633808
WLDUSDT,BUY,LIMIT,1701372385405,19,2.4647672
WLDUSDT,BUY,LIMIT,1701372386413,70,2.4663305
WLDUSDT,BUY,LIMIT,1701372390722,3,2.4681541
WLDUSDT,BUY,LIMIT,1701372687231,58,2.4709252
WLDUSDT,BUY,LIMIT,1701372690201,100,2.4713221
WLDUSDT,BUY,LIMIT,1701372769749,19,2.4733390
WLDUSDT,SELL,LIMIT,1701375788768,117,2.3969811
WLDUSDT,SELL,LIMIT,1701384077113,424,2.3930184
WLDUSDT,SELL,LIMIT,1701385286253,117,2.3815350
WLDUSDT,SELL,LIMIT,1701385289339,84,2.3802486
WLDUSDT,BUY,LIMIT,1701389912819,25,2.4688538
WLDUSDT,BUY,LIMIT,1701389982863,81,2.4725955
WLDUSDT,BUY,LIMIT,1701389984522,256,2.4731389
WLDUSDT,SELL,LIMIT,1701390475369,431,2.4219204
WLDUSDT,BUY,LIMIT,1701392256077,149,2.4735505
WLDUSDT,BUY,LIMIT,1701392742559,3,2.4742213
WLDUSDT,BUY,LIMIT,1701392745930,245,2.4749082
WLDUSDT,BUY,LIMIT,1701392747184,26,2.4755681
WLDUSDT,BUY,LIMIT,1701392843038,75,2.4782185
WLDUSDT,BUY,LIMIT,1701393405430,180,2.4809602
WLDUSDT,BUY,LIMIT,1701393449481,209,2.4830042
WLDUSDT,BUY,LIMIT,1701393529076,19,2.4858075
WLDUSDT,BUY,LIMIT,1701393610255,185,2.4622494
WLDUSDT,BUY,LIMIT,1701393704939,1130,2.4895502
WLDUSDT,BUY,LIMIT,1701393748461,4181,2.5028612
WLDUSDT,BUY,LIMIT,1701393751957,167,2.4908595
WLDUSDT,BUY,LIMIT,1701393831760,88,2.4925575
WLDUSDT,BUY,LIMIT,1701393910822,42,2.4934872
WLDUSDT,BUY,LIMIT,1701394032136,525,2.4936949
WLDUSDT,BUY,LIMIT,1701394052122,416,2.4940512
WLDUSDT,BUY,LIMIT,1701394053615,176,2.4944277
WLDUSDT,BUY,LIMIT,1701394242227,275,2.4861928
WLDUSDT,BUY,LIMIT,1701395560117,361,2.4950199
WLDUSDT,BUY,LIMIT,1701395565329,69,2.4959363
WLDUSDT,BUY,LIMIT,1701395972363,934,2.4958407
WLDUSDT,BUY,LIMIT,1701396243040,57,2.4985102
WLDUSDT,SELL,LIMIT,1701397713241,101,2.4241164
WLDUSDT,SELL,LIMIT,1701399773397,17,2.4572318
WLDUSDT,BUY,LIMIT,1701400316724,80,2.5003496
WLDUSDT,BUY,LIMIT,1701400360938,123,2.5015694
WLDUSDT,BUY,LIMIT,1701400558241,218,2.5028594
WLDUSDT,BUY,LIMIT,1701400824067,1000,2.5006255
WLDUSDT,BUY,LIMIT,1701400899299,11,2.5037639
WLDUSDT,BUY,LIMIT,1701400976256,62,2.5066208
WLDUSDT,BUY,LIMIT,1701400993820,6,2.5069643
WLDUSDT,BUY,LIMIT,1701401261350,138,2.5107322
WLDUSDT,BUY,LIMIT,1701401685150,393,2.5180474
WLDUSDT,BUY,LIMIT,1701401696330,12,2.5192814
WLDUSDT,BUY,LIMIT,1701401896220,50,2.5103179
WLDUSDT,BUY,LIMIT,1701402061499,2605,2.5127521
WLDUSDT,BUY,LIMIT,1701404384104,10,2.5216758
WLDUSDT,SELL,LIMIT,1701405255543,520,2.4671791
WLDUSDT,BUY,LIMIT,1701405515308,3,2.5194450
WLDUSDT,BUY,LIMIT,1701406563288,4,2.5239819
WLDUSDT,BUY,LIMIT,1701406585817,163,2.5279320
WLDUSDT,BUY,LIMIT,1701407506292,35,2.5299311
WLDUSDT,BUY,LIMIT,1701407888109,5,2.5348633
WLDUSDT,BUY,LIMIT,1701407945010,175,2.5355284
WLDUSDT,BUY,LIMIT,1701408032715,126,2.5372497
WLDUSDT,BUY,LIMIT,1701408301879,180,2.5387538
WLDUSDT,BUY,LIMIT,1701408317563,7,2.5388008
WLDUSDT,BUY,LIMIT,1701408581776,7,2.5433593
WLDUSDT,BUY,LIMIT,1701408625300,387,2.5447253
WLDUSDT,BUY,LIMIT,1701408628233,88,2.5452168
WLDUSDT,SELL,LIMIT,1701410907957,15,2.4672722
WLDUSDT,SELL,LIMIT,1701413641700,15,2.4578930
WLDUSDT,SELL,LIMIT,1701416136790,19,2.4520212
WLDUSDT,SELL,LIMIT,1701416171056,2,2.4502018
WLDUSDT,SELL,LIMIT,1701416181224,157,2.4485397
WLDUSDT,SELL,LIMIT,1701416182469,121,2.4484187
WLDUSDT,SELL,LIMIT,1701416192662,13,2.4476228
WLDUSDT,SELL,LIMIT,1701416199442,1636,2.4461542
WLDUSDT,SELL,LIMIT,1701416218957,170,2.4472954
WLDUSDT,SELL,LIMIT,1701416268553,22,2.4428535
WLDUSDT,SELL,LIMIT,1701416270179,1002,2.4422017
WLDUSDT,SELL,LIMIT,1701418872114,489,2.4355536
WLDUSDT,SELL,LIMIT,1701418927146,50,2.4307687
WLDUSDT,SELL,LIMIT,1701418956295,24,2.4299988
WLDUSDT,SELL,LIMIT,1701418962441,49,2.4271847
WLDUSDT,BUY,LIMIT,1701422230145,518,2.4937067
WLDUSDT,BUY,LIMIT,1701422241222,401,2.4672546
WLDUSDT,SELL,LIMIT,1701424808061,25,2.4364874
WLDUSDT,SELL,LIMIT,1701425572107,95,2.4218261
WLDUSDT,SELL,LIMIT,1701425575081,842,2.4210930
WLDUSDT,SELL,LIMIT,1701425699372,110,2.4205400
WLDUSDT,SELL,LIMIT,1701425850626,199,2.4170566
WLDUSDT,SELL,LIMIT,1701425865262,267,2.4156138
WLDUSDT,SELL,LIMIT,1701425867386,102,2.4147116
WLDUSDT,SELL,LIMIT,1701425869637,1,2.4121155
WLDUSDT,SELL,LIMIT,1701425873605,33,2.4113539
