Symbol,Side,Order Type,Time,Quantity,Price
WLDUSDT,BUY,LIMIT,1700990343226,17,2.7189482
WLDUSDT,BUY,LIMIT,1700990344323,19,2.7174595
WLDUSDT,BUY,LIMIT,1700990712061,18,2.7190236
WLDUSDT,BUY,LIMIT,1700990786223,113,2.7200335
WLDUSDT,SELL,LIMIT,1700991213720,5,2.6563173
WLDUSDT,SELL,LIMIT,1700991286786,7,2.6358882
WLDUSDT,SELL,LIMIT,1700992413202,179,2.6310429
WLDUSDT,BUY,LIMIT,1700993895120,4,2.7070783
WLDUSDT,SELL,LIMIT,1700995133931,10,2.6249360
WLDUSDT,SELL,LIMIT,1700995558709,1768,2.6271487
WLDUSDT,SELL,LIMIT,1700995624424,54,2.6249497
WLDUSDT,SELL,LIMIT,1700995915283,1862,2.6240941
WLDUSDT,SELL,LIMIT,1700995928608,289,2.6229530
WLDUSDT,SELL,LIMIT,1700995948735,184,2.6207899
WLDUSDT,BUY,LIMIT,1700996510455,59,2.6969272
WLDUSDT,SELL,LIMIT,1700999178261,2,2.6408556
WLDUSDT,BUY,LIMIT,1700999651686,16,2.6972380
WLDUSDT,BUY,LIMIT,1700999921474,199,2.7070235
WLDUSDT,BUY,LIMIT,1700999934308,301,2.7088131
WLDUSDT,BUY,LIMIT,1701000026343,10,2.7113218
WLDUSDT,BUY,LIMIT,1701000068218,1230,2.7130807
WLDUSDT,BUY,LIMIT,1701000069929,189,2.7137035
WLDUSDT,BUY,LIMIT,1701000079555,22,2.7163558
WLDUSDT,BUY,LIMIT,1701000082712,10,2.7202455
WLDUSDT,BUY,LIMIT,1701000088197,138,2.7235869
WLDUSDT,BUY,LIMIT,1701000090528,373,2.7236051
WLDUSDT,BUY,LIMIT,1701000095152,4,2.7242064
WLDUSDT,BUY,LIMIT,1701000096506,6,2.7256022
WLDUSDT,SELL,LIMIT,1701000611458,21,2.6327098
WLDUSDT,SELL,LIMIT,1701000617109,929,2.6335060
WLDUSDT,SELL,LIMIT,1701000642277,17,2.6298360
WLDUSDT,SELL,LIMIT,1701000651488,30,2.6290689
WLDUSDT,SELL,LIMIT,1701000689294,1616,2.6233788
WLDUSDT,BUY,LIMIT,1701001280351,38,2.7016115
WLDUSDT,SELL,LIMIT,1701001500891,139,2.6299351
WLDUSDT,SELL,LIMIT,1701001502820,106,2.6266681
WLDUSDT,BUY,LIMIT,1701001920687,50,2.7164046
WLDUSDT,BUY,LIMIT,1701001927088,677,2.7083403
WLDUSDT,BUY,LIMIT,1701002007069,100,2.7229458
WLDUSDT,BUY,LIMIT,1701002245675,113,2.7269228
WLDUSDT,BUY,LIMIT,1701002247992,278,2.7280548
WLDUSDT,BUY,LIMIT,1701002307486,41,2.7378564
WLDUSDT,BUY,LIMIT,1701002559569,89,2.7421754
WLDUSDT,BUY,LIMIT,1701002560597,110,2.7430791
WLDUSDT,BUY,LIMIT,1701002597296,162,2.7460570
WLDUSDT,BUY,LIMIT,1701002601505,13,2.7490285
WLDUSDT,BUY,LIMIT,1701002610814,312,2.7536882
WLDUSDT,BUY,LIMIT,1701002987410,297,2.7495646
WLDUSDT,BUY,LIMIT,1701003286492,58,2.7566783
WLDUSDT,BUY,LIMIT,1701003292535,26,2.7583346
WLDUSDT,SELL,LIMIT,1701004967294,4,2.6777341
WLDUSDT,SELL,LIMIT,1701005080202,392,2.6746507
WLDUSDT,SELL,LIMIT,1701005081476,9,2.6742628
WLDUSDT,SELL,LIMIT,1701005211380,24,2.6690906
WLDUSDT,SELL,LIMIT,1701005464323,7,2.6662499
WLDUSDT,SELL,LIMIT,1701005465801,527,2.6638183
WLDUSDT,BUY,LIMIT,1701005561379,758,2.7443406
WLDUSDT,BUY,LIMIT,1701005720424,284,2.7515718
WLDUSDT,BUY,LIMIT,1701005737232,17,2.7576670
WLDUSDT,SELL,LIMIT,1701007209792,182,2.6708548
WLDUSDT,SELL,LIMIT,1701007262955,865,2.6632515
WLDUSDT,SELL,LIMIT,1701007264484,8,2.6630700
WLDUSDT,SELL,LIMIT,1701007269207,92,2.6606435
WLDUSDT,SELL,LIMIT,1701007270510,83,2.6557793
WLDUSDT,SELL,LIMIT,1701007278305,320,2.6519876
WLDUSDT,SELL,LIMIT,1701007283470,35,2.6463299
WLDUSDT,SELL,LIMIT,1701007323570,38,2.6444766
WLDUSDT,SELL,LIMIT,1701007331189,342,2.6436920
WLDUSDT,SELL,LIMIT,1701007332888,839,2.6413569
WLDUSDT,SELL,LIMIT,1701007392672,555,2.6400985
WLDUSDT,SELL,LIMIT,1701007396037,50,2.6376941
WLDUSDT,SELL,LIMIT,1701007397656,101,2.6359502
WLDUSDT,SELL,LIMIT,1701007399663,65,2.6355426
WLDUSDT,SELL,LIMIT,1701007402623,7,2.6333666
WLDUSDT,SELL,LIMIT,1701007404047,12,2.6327867
WLDUSDT,SELL,LIMIT,1701007405322,456,2.6326991
WLDUSDT,SELL,LIMIT,1701007406323,172,2.6321360
WLDUSDT,SELL,LIMIT,1701007417515,45,2.6278561
WLDUSDT,SELL,LIMIT,1701007418795,191,2.6277770
WLDUSDT,SELL,LIMIT,1701007535684,100,2.6269361
WLDUSDT,SELL,LIMIT,1701007621888,587,2.6365489
WLDUSDT,SELL,LIMIT,1701007942550,8,2.6248806
WLDUSDT,SELL,LIMIT,1701008179533,2469,2.6524641
WLDUSDT,SELL,LIMIT,1701008339088,31,2.6208860
WLDUSDT,SELL,LIMIT,1701008411331,70,2.6191320
WLDUSDT,SELL,LIMIT,1701008419778,152,2.6183987
WLDUSDT,SELL,LIMIT,1701008421646,912,2.6166691
WLDUSDT,SELL,LIMIT,1701008426044,10,2.6164246
WLDUSDT,SELL,LIMIT,1701008431478,39,2.6133639
WLDUSDT,SELL,LIMIT,1701008432485,5,2.6139019
WLDUSDT,SELL,LIMIT,1701008433512,21,2.5988425
WLDUSDT,SELL,LIMIT,1701008434548,731,2.5940994
WLDUSDT,SELL,LIMIT,1701008438785,618,2.5967938
WLDUSDT,SELL,LIMIT,1701008441968,1870,2.5975596
WLDUSDT,SELL,LIMIT,1701008490354,1321,2.5960771
WLDUSDT,SELL,LIMIT,1701008508255,52,2.5958254
WLDUSDT,BUY,LIMIT,1701009544938,1892,2.6954500
WLDUSDT,BUY,LIMIT,1701009579586,498,2.6989464
WLDUSDT,BUY,LIMIT,1701009920050,1203,2.7102340
WLDUSDT,SELL,LIMIT,1701010474495,37,2.6447759
WLDUSDT,SELL,LIMIT,1701011812096,112,2.6364082
WLDUSDT,SELL,LIMIT,1701011824716,130,2.6326176
WLDUSDT,SELL,LIMIT,1701012298407,384,2.6460721
WLDUSDT,BUY,LIMIT,1701012502151,30,2.7171714
WLDUSDT,BUY,LIMIT,1701012537065,245,2.7193986
WLDUSDT,BUY,LIMIT,1701012575839,22,2.7287808
WLDUSDT,BUY,LIMIT,1701012580055,38,2.7295673
WLDUSDT,BUY,LIMIT,1701012612172,93,2.7318930
WLDUSDT,BUY,LIMIT,1701012613246,38,2.7327802
WLDUSDT,BUY,LIMIT,1701012635209,127,2.7370165
WLDUSDT,BUY,LIMIT,1701012640408,1167,2.7432140
WLDUSDT,SELL,LIMIT,1701012947809,30,2.6628739
WLDUSDT,SELL,LIMIT,1701012950794,39,2.6579557
WLDUSDT,SELL,LIMIT,1701012955646,31,2.6549696
WLDUSDT,SELL,LIMIT,1701013055152,47,2.6582491
WLDUSDT,SELL,LIMIT,1701013058302,1000,2.6621750
WLDUSDT,SELL,LIMIT,1701013541407,57,2.6431952
WLDUSDT,SELL,LIMIT,1701013956065,7134,2.6192967
WLDUSDT,SELL,LIMIT,1701014012034,111,2.6412789
WLDUSDT,SELL,LIMIT,1701014017088,12,2.6355735
WLDUSDT,SELL,LIMIT,1701014028224,126,2.6359147
WLDUSDT,SELL,LIMIT,1701014043191,540,2.6355781
WLDUSDT,SELL,LIMIT,1701014060335,74,2.6321131
WLDUSDT,BUY,LIMIT,1701014460796,127,2.7137997
WLDUSDT,BUY,LIMIT,1701014487436,17,2.7194738
WLDUSDT,BUY,LIMIT,1701014501469,3,2.7250751
WLDUSDT,SELL,LIMIT,1701014651043,27,2.6244032
WLDUSDT,SELL,LIMIT,1701014722913,38,2.6211112
WLDUSDT,SELL,LIMIT,1701014727797,149,2.6184511
WLDUSDT,BUY,LIMIT,1701014933342,74,2.6788193
WLDUSDT,BUY,LIMIT,1701014936636,35,2.6792783
WLDUSDT,SELL,LIMIT,1701014994325,134,2.6174367
WLDUSDT,SELL,LIMIT,1701014996989,111,2.6166695
WLDUSDT,SELL,LIMIT,1701015132223,2645,2.6100088
WLDUSDT,SELL,LIMIT,1701015212624,1420,2.6055641
WLDUSDT,SELL,LIMIT,1701015215146,186,2.6052640
WLDUSDT,SELL,LIMIT,1701015254552,390,2.6040961
WLDUSDT,SELL,LIMIT,1701015320406,879,2.6018191
WLDUSDT,SELL,LIMIT,1701015324221,121,2.6006876
WLDUSDT,SELL,LIMIT,1701015325784,45,2.5998391
WLDUSDT,SELL,LIMIT,1701015327323,822,2.5989481
WLDUSDT,SELL,LIMIT,1701015330187,1051,2.5986180
WLDUSDT,SELL,LIMIT,1701015331292,582,2.5983884
WLDUSDT,SELL,LIMIT,1701015640991,1600,2.6097391
WLDUSDT,SELL,LIMIT,1701015644054,6,2.6094421
WLDUSDT,SELL,LIMIT,1701015659094,58,2.6067691
WLDUSDT,SELL,LIMIT,1701015672171,991,2.6044921
WLDUSDT,SELL,LIMIT,1701015675119,3000,2.5994136
WLDUSDT,SELL,LIMIT,1701015682352,20,2.6022722
WLDUSDT,SELL,LIMIT,1701015684204,187,2.6394225
WLDUSDT,SELL,LIMIT,1701015747210,200,2.5994198
WLDUSDT,SELL,LIMIT,1701015758503,18,2.5945482
WLDUSDT,SELL,LIMIT,1701015760848,110,2.5943019
WLDUSDT,SELL,LIMIT,1701015764464,134,2.5941553
WLDUSDT,SELL,LIMIT,1701015807229,2,2.5934041
WLDUSDT,SELL,LIMIT,1701015811247,12,2.5931996
WLDUSDT,SELL,LIMIT,1701015812249,1879,2.5923259
WLDUSDT,SELL,LIMIT,1701015815959,85,2.5907484
WLDUSDT,SELL,LIMIT,1701015821329,1584,2.5909850
WLDUSDT,SELL,LIMIT,1701015827974,733,2.5905722
WLDUSDT,SELL,LIMIT,1701015840885,581,2.5897707
WLDUSDT,SELL,LIMIT,1701015842618,1711,2.5908679
WLDUSDT,SELL,LIMIT,1701015872444,216,2.6006433
WLDUSDT,SELL,LIMIT,1701015876570,43,2.5913251
WLDUSDT,SELL,LIMIT,1701016012311,11,2.5949011
WLDUSDT,SELL,LIMIT,1701016019324,8,2.6401020
WLDUSDT,SELL,LIMIT,1701016020375,73,2.5920041
WLDUSDT,SELL,LIMIT,1701016029228,72,2.5915817
WLDUSDT,SELL,LIMIT,1701016030413,42,2.5903351
WLDUSDT,SELL,LIMIT,1701016032240,1468,2.5879495
WLDUSDT,SELL,LIMIT,1701016033196,452,2.5892663
WLDUSDT,SELL,LIMIT,1701016034054,677,2.5854995
WLDUSDT,SELL,LIMIT,1701016035064,340,2.5799387
WLDUSDT,SELL,LIMIT,1701016036036,190,2.5785541
WLDUSDT,SELL,LIMIT,1701016037206,380,2.5779261
WLDUSDT,SELL,LIMIT,1701016038470,5,2.5751689
WLDUSDT,SELL,LIMIT,1701016040011,1453,2.5733296
WLDUSDT,SELL,LIMIT,1701016041246,1848,2.5674240
WLDUSDT,SELL,LIMIT,1701016042291,9,2.5665224
WLDUSDT,SELL,LIMIT,1701016043453,6,2.5636390
WLDUSDT,SELL,LIMIT,1701016044363,608,2.5612210
WLDUSDT,SELL,LIMIT,1701016045204,16,2.5598325
WLDUSDT,SELL,LIMIT,1701016046563,1800,2.5570843
WLDUSDT,SELL,LIMIT,1701016047294,11,2.5841998
WLDUSDT,SELL,LIMIT,1701016048109,5,2.5531167
WLDUSDT,SELL,LIMIT,1701016048971,374,2.5540695
WLDUSDT,SELL,LIMIT,1701016049954,14,2.5526895
WLDUSDT,SELL,LIMIT,1701016076094,7,2.5526291
WLDUSDT,SELL,LIMIT,1701016077195,1438,2.5520227
WLDUSDT,SELL,LIMIT,1701016090934,24,2.5871994
WLDUSDT,SELL,LIMIT,1701016095104,29,2.5479005
WLDUSDT,SELL,LIMIT,1701016096112,51,2.5472792
WLDUSDT,SELL,LIMIT,1701016098201,866,2.5474231
WLDUSDT,SELL,LIMIT,1701016099384,342,2.5444119
WLDUSDT,SELL,LIMIT,1701016100558,845,2.5436001
WLDUSDT,SELL,LIMIT,1701016102116,100,2.5415171
WLDUSDT,SELL,LIMIT,1701016103003,595,2.5407763
WLDUSDT,SELL,LIMIT,1701016103894,9,2.5394830
WLDUSDT,SELL,LIMIT,1701016105013,36,2.5389380
WLDUSDT,BUY,LIMIT,1701016176969,981,2.6372028
WLDUSDT,BUY,LIMIT,1701016359095,181,2.6536203
WLDUSDT,BUY,LIMIT,1701016367247,24,2.6625094
WLDUSDT,BUY,LIMIT,1701016394887,14,2.6677406
WLDUSDT,BUY,LIMIT,1701016404062,1783,2.6697622
WLDUSDT,BUY,LIMIT,1701016409301,1910,2.6717003
WLDUSDT,BUY,LIMIT,1701016839330,75,2.6518776
WLDUSDT,BUY,LIMIT,1701016967241,2,2.6821005
WLDUSDT,BUY,LIMIT,1701019189251,180,2.6847575
WLDUSDT,SELL,LIMIT,1701022007467,3,2.6192431
WLDUSDT,SELL,LIMIT,1701022552496,121,2.6076838
WLDUSDT,BUY,LIMIT,1701023937284,339,2.6647672
WLDUSDT,BUY,LIMIT,1701024797786,5,2.6784914
WLDUSDT,BUY,LIMIT,1701025067668,369,2.6807644
WLDUSDT,BUY,LIMIT,1701025145750,733,2.6886116
WLDUSDT,BUY,LIMIT,1701025162042,116,2.6902324
WLDUSDT,BUY,LIMIT,1701025172803,190,2.6908030
WLDUSDT,BUY,LIMIT,1701025210211,572,2.6950485
WLDUSDT,BUY,LIMIT,1701025211705,189,2.6984250
WLDUSDT,BUY,LIMIT,1701025216694,54,2.6996710
WLDUSDT,BUY,LIMIT,1701025291097,7,2.7008540
WLDUSDT,BUY,LIMIT,1701025354142,48,2.7053459
WLDUSDT,BUY,LIMIT,1701025355160,8,2.7050195
WLDUSDT,BUY,LIMIT,1701025356167,139,2.7075689
WLDUSDT,BUY,LIMIT,1701025383217,58,2.7151745
WLDUSDT,BUY,LIMIT,1701025384357,1948,2.7173209
WLDUSDT,BUY,LIMIT,1701026349117,260,2.7132640
WLDUSDT,BUY,LIMIT,1701026793375,482,2.7263797
WLDUSDT,BUY,LIMIT,1701026795489,15,2.7282205
WLDUSDT,BUY,LIMIT,1701026921253,3813,2.7459897
WLDUSDT,BUY,LIMIT,1701027554189,34,2.7384095
WLDUSDT,BUY,LIMIT,1701028265647,106,2.7444258
WLDUSDT,BUY,LIMIT,1701028361672,121,2.7450016
WLDUSDT,BUY,LIMIT,1701028373625,773,2.7459390
WLDUSDT,BUY,LIMIT,1701028382491,59,2.7470466
WLDUSDT,BUY,LIMIT,1701028389264,380,2.7482246
WLDUSDT,BUY,LIMIT,1701028406155,385,2.7511992
WLDUSDT,SELL,LIMIT,1701029228287,16,2.6673204
WLDUSDT,BUY,LIMIT,1701029963821,3,2.7534682
WLDUSDT,BUY,LIMIT,1701029969102,37,2.7522042
WLDUSDT,SELL,LIMIT,1701032947179,16,2.6572646
WLDUSDT,SELL,LIMIT,1701033713592,1292,2.6607241
WLDUSDT,BUY,LIMIT,1701037806223,146,2.7235743
WLDUSDT,SELL,LIMIT,1701039128690,1,2.6452110
WLDUSDT,SELL,LIMIT,1701039130249,7,2.6442540
WLDUSDT,SELL,LIMIT,1701040046304,5,2.6355180
WLDUSDT,SELL,LIMIT,1701040502794,10,2.6351919
WLDUSDT,SELL,LIMIT,1701040525381,20,2.6330159
WLDUSDT,SELL,LIMIT,1701041190285,688,2.6288926
WLDUSDT,SELL,LIMIT,1701041204350,8,2.6271925
WLDUSDT,SELL,LIMIT,1701043549162,130,2.6243617
WLDUSDT,BUY,LIMIT,1701043759015,2,2.7120593
WLDUSDT,SELL,LIMIT,1701044089216,1405,2.6286279
WLDUSDT,SELL,LIMIT,1701044407209,263,2.6204749
WLDUSDT,BUY,LIMIT,1701045097911,100,2.7034757
WLDUSDT,BUY,LIMIT,1701045389298,100,2.7142127
WLDUSDT,SELL,LIMIT,1701045786875,38,2.6380637
WLDUSDT,SELL,LIMIT,1701045921084,5,2.6248705
WLDUSDT,SELL,LIMIT,1701046059438,561,2.6174002
WLDUSDT,SELL,LIMIT,1701046109191,34,2.6139252
WLDUSDT,SELL,LIMIT,1701046376674,245,2.6136897
WLDUSDT,SELL,LIMIT,1701046452267,1550,2.6090242
WLDUSDT,SELL,LIMIT,1701046465424,16,2.6074987
WLDUSDT,SELL,LIMIT,1701046471203,373,2.6062289
WLDUSDT,SELL,LIMIT,1701046473473,3,2.6053772
WLDUSDT,SELL,LIMIT,1701046481981,146,2.6047007
WLDUSDT,BUY,LIMIT,1701047532085,31,2.6836814
WLDUSDT,SELL,LIMIT,1701047792822,277,2.6115545
WLDUSDT,SELL,LIMIT,1701048273222,352,2.5984452
WLDUSDT,SELL,LIMIT,1701048513148,69,2.5955808
WLDUSDT,SELL,LIMIT,1701048515467,799,2.5897157
WLDUSDT,SELL,LIMIT,1701048521082,33,2.5904663
WLDUSDT,BUY,LIMIT,1701049217164,824,2.6563690
WLDUSDT,SELL,LIMIT,1701051807407,1891,2.5950996
WLDUSDT,SELL,LIMIT,1701052868041,543,2.5949881
WLDUSDT,SELL,LIMIT,1701053101080,5,2.5999381
WLDUSDT,SELL,LIMIT,1701054208219,79,2.5879993
WLDUSDT,SELL,LIMIT,1701054210426,25,2.5845084
WLDUSDT,SELL,LIMIT,1701054212078,46,2.5804753
WLDUSDT,SELL,LIMIT,1701054215070,1000,2.5783665
WLDUSDT,SELL,LIMIT,1701054292570,49,2.5774532
WLDUSDT,SELL,LIMIT,1701054322295,13,2.5758097
WLDUSDT,SELL,LIMIT,1701054475190,36,2.5758811
WLDUSDT,SELL,LIMIT,1701054487150,20,2.5742071
WLDUSDT,SELL,LIMIT,1701055062792,7,2.5858801
WLDUSDT,SELL,LIMIT,1701055254667,14,2.5728521
WLDUSDT,BUY,LIMIT,1701055694965,97,2.4959286
WLDUSDT,SELL,LIMIT,1701055703115,151,2.5687066
WLDUSDT,SELL,LIMIT,1701055705582,24,2.5651411
WLDUSDT,BUY,LIMIT,1701055852471,4,2.6529429
WLDUSDT,SELL,LIMIT,1701056100418,39,2.5864741
WLDUSDT,SELL,LIMIT,1701056138293,2,2.6071937
WLDUSDT,SELL,LIMIT,1701056140908,7481,2.5583096
WLDUSDT,SELL,LIMIT,1701056155405,2,2.6057164
WLDUSDT,SELL,LIMIT,1701056158671,998,2.5695681
WLDUSDT,SELL,LIMIT,1701056161996,858,2.5682946
WLDUSDT,SELL,LIMIT,1701056732144,8,2.5639058
WLDUSDT,SELL,LIMIT,1701056733363,115,2.5639451
WLDUSDT,SELL,LIMIT,1701056741740,370,2.5619590
WLDUSDT,SELL,LIMIT,1701056743882,13,2.5620993
WLDUSDT,SELL,LIMIT,1701056796185,12,2.5610345
WLDUSDT,SELL,LIMIT,1701056805499,15,2.5585847
WLDUSDT,SELL,LIMIT,1701056812730,2,2.5570653
WLDUSDT,SELL,LIMIT,1701056836366,37,2.5576213
WLDUSDT,SELL,LIMIT,1701056856053,84,2.5559934
WLDUSDT,SELL,LIMIT,1701056862261,2,2.5552750
WLDUSDT,SELL,LIMIT,1701056863320,53,2.5551691
WLDUSDT,SELL,LIMIT,1701056865468,6,2.5538585
WLDUSDT,SELL,LIMIT,1701056868026,43,2.5520221
WLDUSDT,BUY,LIMIT,1701057523242,12,2.6348782
WLDUSDT,BUY,LIMIT,1701058218197,18,2.6487096
WLDUSDT,BUY,LIMIT,1701058681494,300,2.6595458
WLDUSDT,SELL,LIMIT,1701058768080,195,2.6055006
WLDUSDT,BUY,LIMIT,1701059170459,171,2.6746822
WLDUSDT,SELL,LIMIT,1701060687770,195,2.5950349
WLDUSDT,BUY,LIMIT,1701062199111,192,2.6751074
WLDUSDT,SELL,LIMIT,1701063347358,5,2.6117191
