Symbol,Side,Order Type,Time,Quantity,Price
WLDUSDT,SELL,LIMIT,1701917246368,47,2.4171331
WLDUSDT,SELL,LIMIT,1701918356619,70,2.4151484
WLDUSDT,SELL,LIMIT,1701918374284,3,2.4104294
WLDUSDT,SELL,LIMIT,1701918475402,46,2.4052204
WLDUSDT,SELL,LIMIT,1701928606436,1,2.4241141
WLDUSDT,BUY,LIMIT,1701930210326,14,2.4486870
WLDUSDT,SELL,LIMIT,1701936857082,259,2.4121373
WLDUSDT,SELL,LIMIT,1701937337459,155,2.4008415
WLDUSDT,SELL,LIMIT,1701937366616,18,2.3992667
WLDUSDT,SELL,LIMIT,1701937370167,73,2.3989737
WLDUSDT,SELL,LIMIT,1701937395267,101,2.3956204
WLDUSDT,SELL,LIMIT,1701937468296,40,2.3951519
WLDUSDT,SELL,LIMIT,1701937471317,3,2.3949504
WLDUSDT,SELL,LIMIT,1701939361225,271,2.3861386
WLDUSDT,SELL,LIMIT,1701939408070,757,2.3815266
WLDUSDT,SELL,LIMIT,1701939476531,381,2.3795786
WLDUSDT,SELL,LIMIT,1701939489102,312,2.3791272
WLDUSDT,SELL,LIMIT,1701939502126,528,2.3786847
WLDUSDT,SELL,LIMIT,1701939700815,37,2.3765759
WLDUSDT,SELL,LIMIT,1701939724222,22,2.3764261
WLDUSDT,SELL,LIMIT,1701939969118,61,2.3759887
WLDUSDT,SELL,LIMIT,1701939970231,47,2.3712365
WLDUSDT,SELL,LIMIT,1701939971702,54,2.3705187
WLDUSDT,SELL,LIMIT,1701939977351,781,2.3671127
WLDUSDT,SELL,LIMIT,1701940010450,61,2.3658600
WLDUSDT,SELL,LIMIT,1701940011521,40,2.3644851
WLDUSDT,SELL,LIMIT,1701940016205,5,2.3623793
WLDUSDT,SELL,LIMIT,1701940536339,398,2.3599868
WLDUSDT,SELL,LIMIT,1701940555989,206,2.3581257
WLDUSDT,SELL,LIMIT,1701940557519,21,2.3747127
WLDUSDT,SELL,LIMIT,1701940560066,362,2.3581151
WLDUSDT,SELL,LIMIT,1701940564430,815,2.3570987
WLDUSDT,SELL,LIMIT,1701940566139,416,2.3541628
WLDUSDT,SELL,LIMIT,1701940567404,86,2.3551799
WLDUSDT,SELL,LIMIT,1701940568517,19,2.3487262
WLDUSDT,SELL,LIMIT,1701941027073,6191,2.3323804
WLDUSDT,SELL,LIMIT,1701941033514,88,2.3474815
WLDUSDT,SELL,LIMIT,1701941035800,208,2.3469841
WLDUSDT,SELL,LIMIT,1701941037380,650,2.3462932
WLDUSDT,SELL,LIMIT,1701941061204,2067,2.3456270
WLDUSDT,SELL,LIMIT,1701941063195,4,2.3451622
WLDUSDT,SELL,LIMIT,1701941071434,1620,2.3444454
WLDUSDT,SELL,LIMIT,1701941074413,22,2.3426520
WLDUSDT,SELL,LIMIT,1701941076480,309,2.3420582
WLDUSDT,SELL,LIMIT,1701941111353,406,2.3407279
WLDUSDT,SELL,LIMIT,1701941148493,271,2.3403105
WLDUSDT,SELL,LIMIT,1701941149674,1913,2.3394694
WLDUSDT,SELL,LIMIT,1701941151844,13,2.3384276
WLDUSDT,SELL,LIMIT,1701941154059,177,2.3423156
WLDUSDT,SELL,LIMIT,1701941155765,16,2.3365575
WLDUSDT,SELL,LIMIT,1701941161856,183,2.3360213
WLDUSDT,SELL,LIMIT,1701941163702,192,2.3351484
WLDUSDT,SELL,LIMIT,1701941170433,1623,2.3338483
WLDUSDT,SELL,LIMIT,1701941172663,314,2.3330911
WLDUSDT,SELL,LIMIT,1701941175071,3,2.3326844
WLDUSDT,SELL,LIMIT,1701941176573,135,2.3315473
WLDUSDT,SELL,LIMIT,1701941179887,1622,2.3310052
WLDUSDT,SELL,LIMIT,1701941182545,3,2.3296781
WLDUSDT,SELL,LIMIT,1701941185229,91,2.3298716
WLDUSDT,SELL,LIMIT,1701941186654,9,2.3292415
WLDUSDT,SELL,LIMIT,1701941188098,3731,2.3161906
WLDUSDT,SELL,LIMIT,1701941189285,1611,2.3264613
WLDUSDT,SELL,LIMIT,1701941190313,3418,2.3158753
WLDUSDT,SELL,LIMIT,1701941191489,216,2.3233192
WLDUSDT,SELL,LIMIT,1701941238842,927,2.3216145
WLDUSDT,SELL,LIMIT,1701941243141,1184,2.3201487
WLDUSDT,SELL,LIMIT,1701941244170,3000,2.3128269
WLDUSDT,SELL,LIMIT,1701941245254,1966,2.3185193
WLDUSDT,SELL,LIMIT,1701941247142,7700,2.3005037
WLDUSDT,SELL,LIMIT,1701941248169,2595,2.3133268
WLDUSDT,SELL,LIMIT,1701941255191,9,2.3142901
WLDUSDT,BUY,LIMIT,1701942368052,14,2.4094813
WLDUSDT,BUY,LIMIT,1701942380595,110,2.4103454
WLDUSDT,SELL,LIMIT,1701951324769,36,2.3536261
WLDUSDT,BUY,LIMIT,1701952293463,994,2.4250844
WLDUSDT,BUY,LIMIT,1701953976591,1,2.4278380
WLDUSDT,BUY,LIMIT,1701954156113,3,2.4262420
WLDUSDT,BUY,LIMIT,1701957962823,25,2.4053022
WLDUSDT,BUY,LIMIT,1701961383151,50,2.4367069
WLDUSDT,BUY,LIMIT,1701962388463,8,2.4462705
WLDUSDT,BUY,LIMIT,1701962546799,150,2.4495272
WLDUSDT,BUY,LIMIT,1701962622788,24,2.4533109
WLDUSDT,SELL,LIMIT,1701962686635,8,2.4046111
WLDUSDT,BUY,LIMIT,1701962836245,1480,2.4575373
WLDUSDT,BUY,LIMIT,1701962890377,7,2.4591862
WLDUSDT,BUY,LIMIT,1701962939764,22,2.4572916
WLDUSDT,BUY,LIMIT,1701964405179,177,2.4547070
WLDUSDT,BUY,LIMIT,1701965061418,422,2.4559098
WLDUSDT,SELL,LIMIT,1701965528472,18,2.4140297
WLDUSDT,BUY,LIMIT,1701965667136,192,2.4658083
WLDUSDT,BUY,LIMIT,1701965885992,128,2.4709708
WLDUSDT,BUY,LIMIT,1701965902003,293,2.4724108
WLDUSDT,BUY,LIMIT,1701966206392,28,2.4765504
WLDUSDT,BUY,LIMIT,1701966207416,20,2.4895942
WLDUSDT,BUY,LIMIT,1701966208447,252,2.4797192
WLDUSDT,BUY,LIMIT,1701966212430,443,2.4967773
WLDUSDT,BUY,LIMIT,1701966228315,1143,2.4986746
WLDUSDT,BUY,LIMIT,1701966270451,216,2.5065378
WLDUSDT,BUY,LIMIT,1701966289327,835,2.5122779
WLDUSDT,BUY,LIMIT,1701966292028,536,2.5138504
WLDUSDT,BUY,LIMIT,1701966302511,1677,2.5143981
WLDUSDT,BUY,LIMIT,1701966555240,10,2.5150352
WLDUSDT,BUY,LIMIT,1701966558106,234,2.5171946
WLDUSDT,BUY,LIMIT,1701966584491,83,2.5193580
WLDUSDT,BUY,LIMIT,1701966589115,833,2.5197631
WLDUSDT,BUY,LIMIT,1701966888872,124,2.5234757
WLDUSDT,BUY,LIMIT,1701967107822,20,2.5240673
WLDUSDT,BUY,LIMIT,1701967181784,260,2.5257660
WLDUSDT,BUY,LIMIT,1701967238354,439,2.5291040
WLDUSDT,BUY,LIMIT,1701967240556,2004,2.5310077
WLDUSDT,BUY,LIMIT,1701967265169,72,2.5352345
WLDUSDT,BUY,LIMIT,1701968404061,215,2.5132661
WLDUSDT,BUY,LIMIT,1701968718354,61,2.5293917
WLDUSDT,BUY,LIMIT,1701968720563,353,2.5320205
WLDUSDT,BUY,LIMIT,1701968728395,18,2.5413394
WLDUSDT,BUY,LIMIT,1701968730514,35,2.5433380
WLDUSDT,SELL,LIMIT,1701971342494,227,2.4643044
WLDUSDT,SELL,LIMIT,1701974295993,705,2.4590008
WLDUSDT,SELL,LIMIT,1701974314815,190,2.4565501
WLDUSDT,SELL,LIMIT,1701974507377,26,2.4555547
WLDUSDT,SELL,LIMIT,1701974510188,85,2.4547150
WLDUSDT,SELL,LIMIT,1701974517638,1935,2.4529619
WLDUSDT,SELL,LIMIT,1701974669907,999,2.4518982
WLDUSDT,SELL,LIMIT,1701974681474,519,2.4506011
WLDUSDT,SELL,LIMIT,1701976185156,10,2.4490585
WLDUSDT,SELL,LIMIT,1701976186172,883,2.4434272
WLDUSDT,SELL,LIMIT,1701976893388,716,2.4376771
WLDUSDT,SELL,LIMIT,1701977178171,370,2.4335166
WLDUSDT,SELL,LIMIT,1701978085095,818,2.4279459
WLDUSDT,SELL,LIMIT,1701978228302,1000,2.4268861
WLDUSDT,SELL,LIMIT,1701978295605,3,2.4201079
WLDUSDT,BUY,LIMIT,1701983892219,3,2.5027705
WLDUSDT,BUY,LIMIT,1701984194211,16,2.4927608
WLDUSDT,BUY,LIMIT,1701984582088,19,2.5145950
WLDUSDT,BUY,LIMIT,1701985124776,17,2.5192171
WLDUSDT,SELL,LIMIT,1701988459916,12,2.4631849
WLDUSDT,SELL,LIMIT,1701991036469,20,2.4778711
WLDUSDT,BUY,LIMIT,1701991211199,214,2.5341777
WLDUSDT,BUY,LIMIT,1701994338588,2000,2.5270204
WLDUSDT,SELL,LIMIT,1701997472431,243,2.4558921
WLDUSDT,SELL,LIMIT,1701997476254,105,2.4549695
WLDUSDT,SELL,LIMIT,1701997478164,79,2.4538335
WLDUSDT,SELL,LIMIT,1701997715441,267,2.4528572
WLDUSDT,SELL,LIMIT,1701997760202,180,2.4511097
WLDUSDT,BUY,LIMIT,1702004340513,11,2.5382455
WLDUSDT,BUY,LIMIT,1702004445168,199,2.5413416
WLDUSDT,BUY,LIMIT,1702006467734,19,2.5493755
WLDUSDT,BUY,LIMIT,1702006535333,50,2.5510785
WLDUSDT,BUY,LIMIT,1702006696931,4,2.5517669
WLDUSDT,BUY,LIMIT,1702006894606,108,2.5455888
WLDUSDT,BUY,LIMIT,1702007154541,12,2.5536021
WLDUSDT,BUY,LIMIT,1702007212562,834,2.5559735
WLDUSDT,BUY,LIMIT,1702008345404,11,2.5567713
WLDUSDT,BUY,LIMIT,1702008919058,598,2.5594941
WLDUSDT,BUY,LIMIT,1702008920867,105,2.5604452
WLDUSDT,BUY,LIMIT,1702010016047,238,2.5634556
WLDUSDT,SELL,LIMIT,1702010670991,38,2.5062461
WLDUSDT,SELL,LIMIT,1702013765397,114,2.4898433
WLDUSDT,BUY,LIMIT,1702015097174,145,2.5637513
WLDUSDT,BUY,LIMIT,1702015110639,217,2.5645796
WLDUSDT,BUY,LIMIT,1702016314199,14,2.5709550
WLDUSDT,BUY,LIMIT,1702016323034,497,2.5710061
WLDUSDT,BUY,LIMIT,1702016364504,19,2.5726934
WLDUSDT,SELL,LIMIT,1702019203448,1763,2.4901191
WLDUSDT,SELL,LIMIT,1702019987737,958,2.4880191
WLDUSDT,SELL,LIMIT,1702020498150,53,2.4816301
WLDUSDT,SELL,LIMIT,1702020601193,25,2.4697096
WLDUSDT,SELL,LIMIT,1702020643538,53,2.4682527
WLDUSDT,SELL,LIMIT,1702022380790,3,2.4641166
WLDUSDT,SELL,LIMIT,1702022385868,12,2.4633807
WLDUSDT,SELL,LIMIT,1702022534805,100,2.4614146
WLDUSDT,SELL,LIMIT,1702022548045,1901,2.4592844
WLDUSDT,SELL,LIMIT,1702022570898,221,2.4583350
WLDUSDT,SELL,LIMIT,1702022845606,52,2.4572826
WLDUSDT,SELL,LIMIT,1702023058436,1904,2.4530623
WLDUSDT,SELL,LIMIT,1702023059664,191,2.4501813
WLDUSDT,SELL,LIMIT,1702025915707,377,2.4447279
WLDUSDT,SELL,LIMIT,1702025949439,609,2.4414589
WLDUSDT,BUY,LIMIT,1702032395244,3097,2.5243693
WLDUSDT,BUY,LIMIT,1702032808459,53,2.5202201
WLDUSDT,BUY,LIMIT,1702033187375,12,2.5248068
WLDUSDT,BUY,LIMIT,1702033694246,309,2.5302929
WLDUSDT,BUY,LIMIT,1702033819231,114,2.5324693
WLDUSDT,BUY,LIMIT,1702035259275,1385,2.5358426
WLDUSDT,BUY,LIMIT,1702035958324,792,2.5441288
WLDUSDT,SELL,LIMIT,1702036073347,6,2.5139417
WLDUSDT,BUY,LIMIT,1702036079995,384,2.5435840
WLDUSDT,BUY,LIMIT,1702038177479,180,2.5421700
WLDUSDT,BUY,LIMIT,1702039288118,2,2.5425740
WLDUSDT,BUY,LIMIT,1702039393164,38,2.5448970
WLDUSDT,SELL,LIMIT,1702040747611,498,2.4718521
WLDUSDT,SELL,LIMIT,1702040750848,1323,2.4720353
WLDUSDT,SELL,LIMIT,1702040753667,50,2.4708562
WLDUSDT,SELL,LIMIT,1702040757499,102,2.4641121
WLDUSDT,SELL,LIMIT,1702040808871,164,2.4640124
WLDUSDT,SELL,LIMIT,1702040812220,23,2.4591991
WLDUSDT,SELL,LIMIT,1702040818343,199,2.4534423
WLDUSDT,SELL,LIMIT,1702040860284,28,2.4505001
WLDUSDT,SELL,LIMIT,1702040861292,533,2.4511673
WLDUSDT,SELL,LIMIT,1702041029218,74,2.4434632
WLDUSDT,SELL,LIMIT,1702041843910,135,2.4403404
WLDUSDT,SELL,LIMIT,1702042246180,45,2.4338936
WLDUSDT,BUY,LIMIT,1702043347438,184,2.4978482
WLDUSDT,SELL,LIMIT,1702043698873,5341,2.4516372
WLDUSDT,SELL,LIMIT,1702043760529,286,2.4282566
WLDUSDT,SELL,LIMIT,1702043808242,39,2.4225917
WLDUSDT,SELL,LIMIT,1702043811090,123,2.4210294
WLDUSDT,SELL,LIMIT,1702043815358,15,2.4201248
WLDUSDT,SELL,LIMIT,1702043896691,21,2.4191219
WLDUSDT,SELL,LIMIT,1702043936353,354,2.4176938
WLDUSDT,SELL,LIMIT,1702043967196,7,2.4160575
WLDUSDT,SELL,LIMIT,1702044443270,819,2.4169983
WLDUSDT,SELL,LIMIT,1702044471539,1809,2.4124321
WLDUSDT,SELL,LIMIT,1702044476314,3,2.4108231
WLDUSDT,SELL,LIMIT,1702044480363,20,2.4101020
WLDUSDT,SELL,LIMIT,1702044493433,7879,2.3918280
WLDUSDT,SELL,LIMIT,1702051817829,205,2.4318629
WLDUSDT,BUY,LIMIT,1702052369281,411,2.4918317
WLDUSDT,SELL,LIMIT,1702055505975,508,2.4262374
WLDUSDT,SELL,LIMIT,1702055713730,1439,2.4249042
WLDUSDT,SELL,LIMIT,1702057382636,4,2.4380113
WLDUSDT,SELL,LIMIT,1702059844867,26,2.4336181
WLDUSDT,BUY,LIMIT,1702064824940,178,2.4949437
WLDUSDT,BUY,LIMIT,1702066484517,4,2.4975465
WLDUSDT,SELL,LIMIT,1702067639890,5,2.4515371
WLDUSDT,BUY,LIMIT,1702068613784,212,2.5021642
WLDUSDT,BUY,LIMIT,1702068795247,79,2.5031961
WLDUSDT,BUY,LIMIT,1702068798725,228,2.5032690
WLDUSDT,BUY,LIMIT,1702068802109,87,2.5044602
WLDUSDT,BUY,LIMIT,1702068987204,163,2.5059439
WLDUSDT,BUY,LIMIT,1702069019208,196,2.5071971
WLDUSDT,BUY,LIMIT,1702070630044,221,2.5012486
WLDUSDT,BUY,LIMIT,1702072654019,12,2.5097432
WLDUSDT,BUY,LIMIT,1702078548839,250,2.5134881
WLDUSDT,BUY,LIMIT,1702079060541,31,2.5140920
WLDUSDT,BUY,LIMIT,1702079068487,251,2.5136629
WLDUSDT,BUY,LIMIT,1702079207428,29,2.5152453
WLDUSDT,BUY,LIMIT,1702079854094,33,2.5143558
WLDUSDT,BUY,LIMIT,1702080247619,2,2.5193242
WLDUSDT,SELL,LIMIT,1702080574222,2021,2.4746544
WLDUSDT,BUY,LIMIT,1702081548459,70,2.5293384
WLDUSDT,BUY,LIMIT,1702081832513,60,2.5345204
WLDUSDT,BUY,LIMIT,1702081865800,13,2.5356558
WLDUSDT,BUY,LIMIT,1702082075733,54,2.5379770
WLDUSDT,BUY,LIMIT,1702082564171,50,2.5426673
WLDUSDT,SELL,LIMIT,1702084031007,238,2.4711658
WLDUSDT,SELL,LIMIT,1702084073060,235,2.4666640
WLDUSDT,SELL,LIMIT,1702084074258,79,2.4667875
WLDUSDT,SELL,LIMIT,1702084207375,5,2.4544653
WLDUSDT,BUY,LIMIT,1702086521568,258,2.5310600
WLDUSDT,BUY,LIMIT,1702097849637,34,2.5525890
WLDUSDT,BUY,LIMIT,1702103530173,116,2.5464170
WLDUSDT,SELL,LIMIT,1702106166086,1000,2.4890581
WLDUSDT,SELL,LIMIT,1702106638005,36,2.4752442
WLDUSDT,SELL,LIMIT,1702107093533,13,2.4810945
WLDUSDT,BUY,LIMIT,1702107661459,613,2.5326485
WLDUSDT,BUY,LIMIT,1702108570132,334,2.5453010
WLDUSDT,BUY,LIMIT,1702109107873,376,2.5351879
WLDUSDT,SELL,LIMIT,1702109556227,31,2.4910954
WLDUSDT,BUY,LIMIT,1702109911049,27,2.5582453
WLDUSDT,BUY,LIMIT,1702109925074,40,2.5606263
WLDUSDT,BUY,LIMIT,1702110066477,120,2.5632194
WLDUSDT,BUY,LIMIT,1702110165856,853,2.5693498
WLDUSDT,SELL,LIMIT,1702110912576,121,2.4833116
WLDUSDT,SELL,LIMIT,1702110968990,92,2.4781681
WLDUSDT,SELL,LIMIT,1702110975182,785,2.4721320
WLDUSDT,SELL,LIMIT,1702110979143,511,2.4703238
WLDUSDT,SELL,LIMIT,1702110983117,7,2.4688823
WLDUSDT,SELL,LIMIT,1702110992675,2,2.4640424
WLDUSDT,SELL,LIMIT,1702110994071,435,2.4628304
WLDUSDT,SELL,LIMIT,1702111026774,219,2.4614185
WLDUSDT,SELL,LIMIT,1702111028082,1848,2.4601178
WLDUSDT,SELL,LIMIT,1702111029403,1247,2.4534746
WLDUSDT,SELL,LIMIT,1702111035551,3,2.4477455
WLDUSDT,SELL,LIMIT,1702111037767,555,2.4418321
WLDUSDT,SELL,LIMIT,1702111038947,423,2.4384912
WLDUSDT,SELL,LIMIT,1702111040450,398,2.4383701
WLDUSDT,SELL,LIMIT,1702111041998,2000,2.4380001
WLDUSDT,SELL,LIMIT,1702111045203,151,2.4368254
WLDUSDT,SELL,LIMIT,1702111380394,1829,2.4307495
WLDUSDT,SELL,LIMIT,1702111382307,5,2.4296219
WLDUSDT,SELL,LIMIT,1702111383654,199,2.4299910
WLDUSDT,SELL,LIMIT,1702111386281,130,2.4266349
WLDUSDT,SELL,LIMIT,1702111387348,5,2.4277090
WLDUSDT,SELL,LIMIT,1702111388500,83,2.4248839
WLDUSDT,SELL,LIMIT,1702111390026,518,2.4233721
WLDUSDT,SELL,LIMIT,1702115621973,104,2.4333466
WLDUSDT,BUY,LIMIT,1702125784347,16,2.5221247
WLDUSDT,BUY,LIMIT,1702125939870,16,2.5299911
WLDUSDT,BUY,LIMIT,1702126111611,47,2.5412371
WLDUSDT,BUY,LIMIT,1702126130146,41,2.5437357
WLDUSDT,BUY,LIMIT,1702126297493,27,2.5375884
WLDUSDT,BUY,LIMIT,1702131884271,18,2.5586380
WLDUSDT,BUY,LIMIT,1702132096052,254,2.5714479
WLDUSDT,BUY,LIMIT,1702132106595,10,2.5745158
WLDUSDT,BUY,LIMIT,1702132115276,20,2.5753876
WLDUSDT,SELL,LIMIT,1702132675628,62,2.4947868
WLDUSDT,SELL,LIMIT,1702132994482,310,2.4771826
WLDUSDT,SELL,LIMIT,1702133000760,251,2.4726833
WLDUSDT,SELL,LIMIT,1702133004034,58,2.4703287
WLDUSDT,SELL,LIMIT,1702133005076,33,2.4838520
WLDUSDT,SELL,LIMIT,1702133006506,2018,2.4725386
WLDUSDT,SELL,LIMIT,1702133008387,717,2.4655113
