Symbol,Side,Order Type,Time,Quantity,Price
WLDUSDT,BUY,LIMIT,1700846237129,1890,2.5686354
WLDUSDT,BUY,LIMIT,1700846239297,3,2.5733444
WLDUSDT,BUY,LIMIT,1700846444357,4,2.5787635
WLDUSDT,BUY,LIMIT,1700846445365,1254,2.5765098
WLDUSDT,BUY,LIMIT,1700846463906,23,2.5800719
WLDUSDT,BUY,LIMIT,1700846469626,44,2.5803928
WLDUSDT,BUY,LIMIT,1700846472165,202,2.5822294
WLDUSDT,BUY,LIMIT,1700846474090,19,2.5827772
WLDUSDT,BUY,LIMIT,1700846561578,56,2.5866675
WLDUSDT,BUY,LIMIT,1700846690133,14,2.5895315
WLDUSDT,BUY,LIMIT,1700846778559,36,2.5903887
WLDUSDT,BUY,LIMIT,1700846792277,25,2.5931480
WLDUSDT,BUY,LIMIT,1700846833271,78,2.5943870
WLDUSDT,BUY,LIMIT,1700846850613,30,2.5949226
WLDUSDT,BUY,LIMIT,1700847650194,194,2.5754524
WLDUSDT,BUY,LIMIT,1700848633798,496,2.5640870
WLDUSDT,BUY,LIMIT,1700849347654,1017,2.5823169
WLDUSDT,BUY,LIMIT,1700849352074,76,2.5834053
WLDUSDT,BUY,LIMIT,1700849363014,225,2.5846067
WLDUSDT,SELL,LIMIT,1700850293252,5,2.5022240
WLDUSDT,SELL,LIMIT,1700850296064,40,2.4997841
WLDUSDT,SELL,LIMIT,1700852922078,76,2.4801142
WLDUSDT,SELL,LIMIT,1700852923094,22,2.4833392
WLDUSDT,SELL,LIMIT,1700852932260,1979,2.4747031
WLDUSDT,SELL,LIMIT,1700853147275,227,2.4709425
WLDUSDT,SELL,LIMIT,1700853213820,890,2.4663484
WLDUSDT,SELL,LIMIT,1700853708145,42,2.4644071
WLDUSDT,SELL,LIMIT,1700854423054,1969,2.4606415
WLDUSDT,SELL,LIMIT,1700854424194,636,2.4598555
WLDUSDT,SELL,LIMIT,1700859038217,123,2.4862308
WLDUSDT,BUY,LIMIT,1700859107229,3,2.5390647
WLDUSDT,BUY,LIMIT,1700859360339,666,2.5484112
WLDUSDT,BUY,LIMIT,1700860055003,4,2.5608902
WLDUSDT,BUY,LIMIT,1700860116884,3,2.5648399
WLDUSDT,BUY,LIMIT,1700860140267,361,2.5659610
WLDUSDT,BUY,LIMIT,1700860279831,264,2.5700590
WLDUSDT,SELL,LIMIT,1700860792006,495,2.5122859
WLDUSDT,BUY,LIMIT,1700862260948,6,2.5625720
WLDUSDT,SELL,LIMIT,1700863835430,846,2.4771239
WLDUSDT,SELL,LIMIT,1700864537272,203,2.4643454
WLDUSDT,SELL,LIMIT,1700864554541,56,2.4610680
WLDUSDT,SELL,LIMIT,1700864605250,128,2.4595864
WLDUSDT,SELL,LIMIT,1700864647162,53,2.4513309
WLDUSDT,SELL,LIMIT,1700864648390,659,2.4536011
WLDUSDT,SELL,LIMIT,1700864804819,195,2.4460801
WLDUSDT,BUY,LIMIT,1700866245293,4,2.5053471
WLDUSDT,SELL,LIMIT,1700867060899,1075,2.4422997
WLDUSDT,SELL,LIMIT,1700867062993,11,2.4414391
WLDUSDT,SELL,LIMIT,1700867069348,269,2.4396051
WLDUSDT,SELL,LIMIT,1700867071047,87,2.4383036
WLDUSDT,SELL,LIMIT,1700867100438,37,2.4373557
WLDUSDT,SELL,LIMIT,1700867370470,174,2.4348891
WLDUSDT,SELL,LIMIT,1700867372031,185,2.4340465
WLDUSDT,SELL,LIMIT,1700867460713,122,2.4316911
WLDUSDT,SELL,LIMIT,1700867461999,1989,2.4294486
WLDUSDT,SELL,LIMIT,1700867473172,1818,2.4264711
WLDUSDT,SELL,LIMIT,1700867675952,115,2.4234367
WLDUSDT,SELL,LIMIT,1700867697115,124,2.4220403
WLDUSDT,SELL,LIMIT,1700867703307,196,2.4197929
WLDUSDT,SELL,LIMIT,1700870583178,305,2.4317763
WLDUSDT,SELL,LIMIT,1700870599999,79,2.4302171
WLDUSDT,SELL,LIMIT,1700870644232,5,2.4325319
WLDUSDT,SELL,LIMIT,1700870651658,20,2.4210498
WLDUSDT,BUY,LIMIT,1700871113102,450,2.5153661
WLDUSDT,BUY,LIMIT,1700871168157,35,2.5168664
WLDUSDT,BUY,LIMIT,1700871478601,132,2.5270538
WLDUSDT,BUY,LIMIT,1700871488764,160,2.5318174
WLDUSDT,BUY,LIMIT,1700871509165,496,2.5342750
WLDUSDT,BUY,LIMIT,1700871525120,27,2.5422439
WLDUSDT,BUY,LIMIT,1700873061055,78,2.5431400
WLDUSDT,BUY,LIMIT,1700873744888,518,2.5625128
WLDUSDT,BUY,LIMIT,1700874087647,61,2.5695584
WLDUSDT,BUY,LIMIT,1700874103117,284,2.5707360
WLDUSDT,BUY,LIMIT,1700874124705,386,2.5728845
WLDUSDT,BUY,LIMIT,1700874218068,31,2.5739009
WLDUSDT,BUY,LIMIT,1700874253631,1750,2.5744850
WLDUSDT,BUY,LIMIT,1700874661700,7,2.5777477
WLDUSDT,BUY,LIMIT,1700874706069,100,2.5791009
WLDUSDT,BUY,LIMIT,1700874709255,38,2.5810243
WLDUSDT,BUY,LIMIT,1700874714939,4,2.5814952
WLDUSDT,BUY,LIMIT,1700876184380,51,2.5900162
WLDUSDT,BUY,LIMIT,1700876189222,14,2.5914012
WLDUSDT,BUY,LIMIT,1700876203366,27,2.5951513
WLDUSDT,BUY,LIMIT,1700876205086,316,2.5958923
WLDUSDT,BUY,LIMIT,1700876207416,178,2.5975325
WLDUSDT,BUY,LIMIT,1700876263442,21,2.5984504
WLDUSDT,BUY,LIMIT,1700876291981,223,2.5981867
WLDUSDT,BUY,LIMIT,1700876295090,19,2.5991576
WLDUSDT,BUY,LIMIT,1700876299266,9,2.6007378
WLDUSDT,BUY,LIMIT,1700876302401,147,2.6021216
WLDUSDT,BUY,LIMIT,1700876307499,4,2.6040960
WLDUSDT,BUY,LIMIT,1700876310589,1211,2.6048526
WLDUSDT,BUY,LIMIT,1700876311827,94,2.6056036
WLDUSDT,BUY,LIMIT,1700876312912,53,2.6063509
WLDUSDT,BUY,LIMIT,1700876314027,59,2.6112522
WLDUSDT,BUY,LIMIT,1700876316418,201,2.6128180
WLDUSDT,BUY,LIMIT,1700876322022,149,2.6136889
WLDUSDT,BUY,LIMIT,1700876326981,1507,2.6149177
WLDUSDT,BUY,LIMIT,1700876328057,525,2.6161810
WLDUSDT,BUY,LIMIT,1700876329442,16,2.6180487
WLDUSDT,BUY,LIMIT,1700876333291,154,2.6196925
WLDUSDT,BUY,LIMIT,1700876774273,380,2.6210331
WLDUSDT,BUY,LIMIT,1700876776049,32,2.6236980
WLDUSDT,BUY,LIMIT,1700876777125,15,2.6235939
WLDUSDT,BUY,LIMIT,1700876778343,64,2.6240716
WLDUSDT,BUY,LIMIT,1700876779708,95,2.6277364
WLDUSDT,BUY,LIMIT,1700876782902,784,2.6312234
WLDUSDT,BUY,LIMIT,1700876824146,15,2.6297254
WLDUSDT,BUY,LIMIT,1700877372910,1828,2.6173422
WLDUSDT,BUY,LIMIT,1700877555629,59,2.6236770
WLDUSDT,BUY,LIMIT,1700877580935,400,2.6276974
WLDUSDT,BUY,LIMIT,1700877781975,81,2.6317165
WLDUSDT,BUY,LIMIT,1700877784238,184,2.6321260
WLDUSDT,BUY,LIMIT,1700877785939,2,2.6329028
WLDUSDT,BUY,LIMIT,1700877847076,49,2.6340572
WLDUSDT,BUY,LIMIT,1700877851277,52,2.6351693
WLDUSDT,BUY,LIMIT,1700877855074,15,2.6398423
WLDUSDT,BUY,LIMIT,1700877856119,8,2.6405065
WLDUSDT,BUY,LIMIT,1700877860139,57,2.6424230
WLDUSDT,BUY,LIMIT,1700877861308,45,2.6454960
WLDUSDT,BUY,LIMIT,1700877863338,6,2.6469890
WLDUSDT,BUY,LIMIT,1700877904019,503,2.6475737
WLDUSDT,BUY,LIMIT,1700877905301,1927,2.6497260
WLDUSDT,BUY,LIMIT,1700877910745,2,2.6512051
WLDUSDT,BUY,LIMIT,1700877912764,296,2.6522039
WLDUSDT,BUY,LIMIT,1700877948889,26,2.6529281
WLDUSDT,BUY,LIMIT,1700877952279,16,2.6531411
WLDUSDT,BUY,LIMIT,1700877975450,45,2.6568897
WLDUSDT,BUY,LIMIT,1700877977119,33,2.6639475
WLDUSDT,BUY,LIMIT,1700877978160,97,2.6631440
WLDUSDT,BUY,LIMIT,1700877980126,158,2.6649336
WLDUSDT,BUY,LIMIT,1700877981251,39,2.6648636
WLDUSDT,BUY,LIMIT,1700877982960,123,2.6658427
WLDUSDT,BUY,LIMIT,1700877984389,61,2.6666615
WLDUSDT,BUY,LIMIT,1700877985695,1926,2.6676358
WLDUSDT,BUY,LIMIT,1700877987099,66,2.6703712
WLDUSDT,BUY,LIMIT,1700877989373,5,2.6709692
WLDUSDT,BUY,LIMIT,1700878419230,4,2.6373408
WLDUSDT,SELL,LIMIT,1700878503124,8,2.5885204
WLDUSDT,SELL,LIMIT,1700878699072,952,2.5705113
WLDUSDT,SELL,LIMIT,1700879347231,144,2.5588283
WLDUSDT,SELL,LIMIT,1700879363546,75,2.5544013
WLDUSDT,BUY,LIMIT,1700879636071,362,2.6366246
WLDUSDT,BUY,LIMIT,1700879651535,354,2.6415058
WLDUSDT,SELL,LIMIT,1700880518084,322,2.5588622
WLDUSDT,SELL,LIMIT,1700881215213,14,2.5514653
WLDUSDT,SELL,LIMIT,1700881217445,1387,2.5479536
WLDUSDT,SELL,LIMIT,1700881223310,1450,2.5449989
WLDUSDT,SELL,LIMIT,1700881224464,25,2.5436042
WLDUSDT,SELL,LIMIT,1700881830122,10,2.5418867
WLDUSDT,SELL,LIMIT,1700881849421,93,2.5399639
