Symbol,Side,Order Type,Time,Quantity,Price
WOOUSDT,SELL,LIMIT,1701929153519,515,0.23119
WOOUSDT,SELL,LIMIT,1701931651820,16474,0.23245
WOOUSDT,SELL,LIMIT,1701933633659,3245,0.23212
WOOUSDT,SELL,LIMIT,1701934424951,111,0.23201
WOOUSDT,SELL,LIMIT,1701940564183,46,0.22660
WOOUSDT,SELL,LIMIT,1701941151189,21123,0.22491
WOOUSDT,SELL,LIMIT,1701941154476,6718,0.22457
WOOUSDT,SELL,LIMIT,1701941177640,437,0.22434
WOOUSDT,SELL,LIMIT,1701941184144,2512,0.22419
WOOUSDT,SELL,LIMIT,1701941193402,1594,0.22390
WOOUSDT,SELL,LIMIT,1701941236463,3790,0.22359
WOOUSDT,SELL,LIMIT,1701941245479,21538,0.22345
WOOUSDT,SELL,LIMIT,1701941246848,1510,0.22332
WOOUSDT,SELL,LIMIT,1701941248515,4072,0.22317
WOOUSDT,BUY,LIMIT,1701946869501,839,0.23443
WOOUSDT,SELL,LIMIT,1701951199138,635,0.23006
WOOUSDT,BUY,LIMIT,1701956994119,4183,0.23967
WOOUSDT,SELL,LIMIT,1701958641522,1705,0.23058
WOOUSDT,SELL,LIMIT,1701958791202,45,0.23040
WOOUSDT,BUY,LIMIT,1701962865203,1762,0.24214
WOOUSDT,BUY,LIMIT,1701964380643,25,0.24235
WOOUSDT,BUY,LIMIT,1701965513020,5681,0.24412
WOOUSDT,BUY,LIMIT,1701966093205,735,0.24586
WOOUSDT,BUY,LIMIT,1701966719429,1104,0.24692
WOOUSDT,BUY,LIMIT,1701966892105,1170,0.24751
WOOUSDT,SELL,LIMIT,1701967739727,2883,0.23852
WOOUSDT,SELL,LIMIT,1701968693326,165,0.23733
WOOUSDT,SELL,LIMIT,1701968950957,15207,0.23700
WOOUSDT,SELL,LIMIT,1701969100926,561,0.23695
WOOUSDT,BUY,LIMIT,1701971472506,49,0.24515
WOOUSDT,SELL,LIMIT,1701973971305,3744,0.23769
WOOUSDT,SELL,LIMIT,1701974643880,886,0.23685
WOOUSDT,SELL,LIMIT,1701976397265,1061,0.23683
WOOUSDT,BUY,LIMIT,1701979596059,2142,0.24449
WOOUSDT,BUY,LIMIT,1701983943170,13262,0.24845
WOOUSDT,BUY,LIMIT,1701984103053,1198,0.24878
WOOUSDT,BUY,LIMIT,1701984472988,188,0.24884
WOOUSDT,BUY,LIMIT,1701984659141,835,0.25034
WOOUSDT,BUY,LIMIT,1701985054353,3613,0.25135
WOOUSDT,BUY,LIMIT,1701985125327,398,0.25241
WOOUSDT,SELL,LIMIT,1701987491732,2787,0.24250
WOOUSDT,SELL,LIMIT,1701989584988,1530,0.24092
WOOUSDT,SELL,LIMIT,1701991571068,1608,0.24044
WOOUSDT,SELL,LIMIT,1701997410478,1538,0.23964
WOOUSDT,SELL,LIMIT,1701997544732,136,0.23940
WOOUSDT,SELL,LIMIT,1702003719310,1137,0.23803
WOOUSDT,SELL,LIMIT,1702003722358,702,0.23803
WOOUSDT,BUY,LIMIT,1702005824487,10705,0.24825
WOOUSDT,BUY,LIMIT,1702007154541,115,0.24860
WOOUSDT,BUY,LIMIT,1702008187267,187,0.24841
WOOUSDT,BUY,LIMIT,1702016082924,293,0.24970
WOOUSDT,BUY,LIMIT,1702017971054,19227,0.25000
WOOUSDT,SELL,LIMIT,1702020638022,11899,0.23856
WOOUSDT,SELL,LIMIT,1702020656392,11793,0.23870
WOOUSDT,BUY,LIMIT,1702020961303,3788,0.24741
WOOUSDT,BUY,LIMIT,1702034912757,151,0.25370
WOOUSDT,BUY,LIMIT,1702035162027,860,0.25378
WOOUSDT,BUY,LIMIT,1702035169855,135,0.25411
WOOUSDT,BUY,LIMIT,1702035774841,419,0.25472
WOOUSDT,BUY,LIMIT,1702035968880,514,0.25494
WOOUSDT,SELL,LIMIT,1702037150774,947,0.24529
WOOUSDT,SELL,LIMIT,1702042212903,40,0.24382
WOOUSDT,SELL,LIMIT,1702042226905,7004,0.24373
WOOUSDT,SELL,LIMIT,1702044545048,1586,0.24212
WOOUSDT,BUY,LIMIT,1702048272279,600,0.25564
WOOUSDT,BUY,LIMIT,1702054347359,467,0.25153
WOOUSDT,BUY,LIMIT,1702054617470,1240,0.25136
WOOUSDT,BUY,LIMIT,1702055577294,48,0.24959
WOOUSDT,BUY,LIMIT,1702059767124,601,0.25223
WOOUSDT,BUY,LIMIT,1702061242295,1126,0.25439
WOOUSDT,BUY,LIMIT,1702061329874,80,0.25597
WOOUSDT,BUY,LIMIT,1702061750644,944,0.25636
WOOUSDT,SELL,LIMIT,1702065123545,3369,0.24726
WOOUSDT,BUY,LIMIT,1702066718374,719,0.25616
WOOUSDT,SELL,LIMIT,1702072954524,928,0.24850
WOOUSDT,BUY,LIMIT,1702073414270,607,0.25746
WOOUSDT,BUY,LIMIT,1702074124747,138,0.25756
WOOUSDT,BUY,LIMIT,1702074261256,5379,0.25774
WOOUSDT,BUY,LIMIT,1702074321981,1154,0.25794
WOOUSDT,SELL,LIMIT,1702076035156,135,0.24889
WOOUSDT,BUY,LIMIT,1702079049817,2672,0.25779
WOOUSDT,BUY,LIMIT,1702080420734,940,0.25821
WOOUSDT,BUY,LIMIT,1702081601086,47,0.25844
WOOUSDT,BUY,LIMIT,1702081606372,1,0.25849
WOOUSDT,BUY,LIMIT,1702081990282,1480,0.25929
WOOUSDT,BUY,LIMIT,1702082044060,421,0.25936
WOOUSDT,SELL,LIMIT,1702084089255,700,0.24774
WOOUSDT,SELL,LIMIT,1702084092768,5077,0.24761
WOOUSDT,SELL,LIMIT,1702084104006,37,0.24752
WOOUSDT,BUY,LIMIT,1702094610915,3560,0.25960
WOOUSDT,BUY,LIMIT,1702094707144,40,0.25998
WOOUSDT,BUY,LIMIT,1702094772902,8040,0.26040
WOOUSDT,BUY,LIMIT,1702094785870,1250,0.26055
WOOUSDT,BUY,LIMIT,1702099275298,1405,0.25886
WOOUSDT,BUY,LIMIT,1702103926011,76,0.26000
WOOUSDT,BUY,LIMIT,1702105848289,1525,0.26020
WOOUSDT,BUY,LIMIT,1702108224430,227,0.26088
WOOUSDT,BUY,LIMIT,1702109179369,8581,0.26181
WOOUSDT,BUY,LIMIT,1702109196807,21,0.26200
WOOUSDT,BUY,LIMIT,1702109514107,403,0.26162
WOOUSDT,SELL,LIMIT,1702110968990,1229,0.24878
WOOUSDT,SELL,LIMIT,1702110974399,329,0.24836
WOOUSDT,SELL,LIMIT,1702111027474,2167,0.24709
WOOUSDT,SELL,LIMIT,1702111034448,1561,0.24648
WOOUSDT,SELL,LIMIT,1702111035643,1435,0.24633
WOOUSDT,SELL,LIMIT,1702111041342,44,0.24520
WOOUSDT,SELL,LIMIT,1702111042933,4859,0.24539
WOOUSDT,SELL,LIMIT,1702111200135,6079,0.24656
WOOUSDT,SELL,LIMIT,1702111389092,616,0.24395
WOOUSDT,BUY,LIMIT,1702111631355,71,0.25503
WOOUSDT,SELL,LIMIT,1702125872173,8181,0.24773
WOOUSDT,SELL,LIMIT,1702132608136,1385,0.24750
WOOUSDT,SELL,LIMIT,1702132779976,7605,0.24681
WOOUSDT,SELL,LIMIT,1702132819995,440,0.24798
WOOUSDT,SELL,LIMIT,1702132995252,4921,0.24538
WOOUSDT,SELL,LIMIT,1702133005384,19638,0.24431
WOOUSDT,SELL,LIMIT,1702133008994,23,0.24389
WOOUSDT,SELL,LIMIT,1702133337936,5697,0.24448
WOOUSDT,SELL,LIMIT,1702139297866,367,0.24452
WOOUSDT,SELL,LIMIT,1702141617373,1183,0.24405
WOOUSDT,SELL,LIMIT,1702141648697,2329,0.24372
WOOUSDT,SELL,LIMIT,1702141692235,2062,0.24352
WOOUSDT,SELL,LIMIT,1702141754881,2417,0.24264
WOOUSDT,SELL,LIMIT,1702141849327,231,0.24209
WOOUSDT,SELL,LIMIT,1702144792948,314,0.24280
WOOUSDT,SELL,LIMIT,1702145020199,5947,0.24250
WOOUSDT,SELL,LIMIT,1702153709853,1573,0.24256
WOOUSDT,SELL,LIMIT,1702154034398,1150,0.24164
WOOUSDT,SELL,LIMIT,1702154046153,787,0.24133
WOOUSDT,SELL,LIMIT,1702156355114,309,0.24118
WOOUSDT,SELL,LIMIT,1702156370342,3144,0.24081
WOOUSDT,BUY,LIMIT,1702157445058,437,0.24983
WOOUSDT,SELL,LIMIT,1702164311512,761,0.24030
WOOUSDT,SELL,LIMIT,1702164449737,809,0.24016
WOOUSDT,SELL,LIMIT,1702164508411,2237,0.23998
WOOUSDT,SELL,LIMIT,1702164532143,118,0.23971
WOOUSDT,SELL,LIMIT,1702164533449,2223,0.23966
WOOUSDT,SELL,LIMIT,1702164536117,909,0.23960
WOOUSDT,SELL,LIMIT,1702164539660,1197,0.23946
WOOUSDT,SELL,LIMIT,1702164544782,126,0.23906
WOOUSDT,SELL,LIMIT,1702164547869,116,0.23907
WOOUSDT,SELL,LIMIT,1702164579525,3915,0.23892
WOOUSDT,SELL,LIMIT,1702164729929,3406,0.23849
WOOUSDT,SELL,LIMIT,1702164746727,20071,0.23841
WOOUSDT,SELL,LIMIT,1702164752590,4605,0.23809
WOOUSDT,SELL,LIMIT,1702164801182,831,0.23802
WOOUSDT,SELL,LIMIT,1702164803976,19835,0.23750
WOOUSDT,SELL,LIMIT,1702164805209,58573,0.23574
WOOUSDT,SELL,LIMIT,1702164806536,480,0.23693
WOOUSDT,SELL,LIMIT,1702164807661,3117,0.23693
WOOUSDT,SELL,LIMIT,1702164809683,12867,0.23685
WOOUSDT,SELL,LIMIT,1702164811290,2329,0.23682
WOOUSDT,SELL,LIMIT,1702172763069,53,0.24488
WOOUSDT,SELL,LIMIT,1702173037844,181,0.24406
WOOUSDT,BUY,LIMIT,1702175722845,1081,0.25308
WOOUSDT,SELL,LIMIT,1702192761967,3600,0.24426
WOOUSDT,BUY,LIMIT,1702193142551,3818,0.25119
WOOUSDT,SELL,LIMIT,1702193322225,1648,0.24376
WOOUSDT,BUY,LIMIT,1702194428185,1010,0.25223
WOOUSDT,SELL,LIMIT,1702195733387,21,0.24367
WOOUSDT,SELL,LIMIT,1702201481418,365,0.23887
WOOUSDT,SELL,LIMIT,1702202059352,195,0.23851
WOOUSDT,SELL,LIMIT,1702202110562,41,0.23830
WOOUSDT,SELL,LIMIT,1702202156383,2805,0.23816
WOOUSDT,SELL,LIMIT,1702202158540,588,0.23816
WOOUSDT,SELL,LIMIT,1702202260250,24,0.23778
WOOUSDT,SELL,LIMIT,1702202289886,3916,0.23741
WOOUSDT,SELL,LIMIT,1702202318311,369,0.23721
WOOUSDT,SELL,LIMIT,1702202363624,553,0.23670
WOOUSDT,SELL,LIMIT,1702202367087,3,0.23664
WOOUSDT,SELL,LIMIT,1702202379108,59,0.23648
WOOUSDT,SELL,LIMIT,1702202380362,20,0.23644
WOOUSDT,SELL,LIMIT,1702202384433,1272,0.23610
WOOUSDT,SELL,LIMIT,1702202390399,24,0.23586
WOOUSDT,SELL,LIMIT,1702202403224,401,0.23581
WOOUSDT,SELL,LIMIT,1702202405215,1682,0.23579
WOOUSDT,BUY,LIMIT,1702217680669,77,0.24984
WOOUSDT,SELL,LIMIT,1702219135085,787,0.24062
WOOUSDT,SELL,LIMIT,1702228775831,659,0.24047
WOOUSDT,SELL,LIMIT,1702229334297,9890,0.23897
WOOUSDT,BUY,LIMIT,1702232280502,861,0.24935
WOOUSDT,SELL,LIMIT,1702235729224,1024,0.24375
WOOUSDT,SELL,LIMIT,1702236186355,124,0.24481
WOOUSDT,BUY,LIMIT,1702238538630,1653,0.25448
WOOUSDT,BUY,LIMIT,1702238568163,2848,0.25543
WOOUSDT,BUY,LIMIT,1702239280877,930,0.25878
WOOUSDT,BUY,LIMIT,1702239484856,1013,0.25962
WOOUSDT,BUY,LIMIT,1702239668209,5103,0.26115
WOOUSDT,BUY,LIMIT,1702240171393,310,0.26321
WOOUSDT,BUY,LIMIT,1702240642056,5770,0.26485
WOOUSDT,SELL,LIMIT,1702240742023,35,0.25686
WOOUSDT,BUY,LIMIT,1702240824200,290,0.26529
WOOUSDT,BUY,LIMIT,1702240876560,74,0.26578
WOOUSDT,BUY,LIMIT,1702240942197,206,0.26614
WOOUSDT,BUY,LIMIT,1702242071994,325,0.26706
WOOUSDT,SELL,LIMIT,1702242156674,6899,0.25722
WOOUSDT,SELL,LIMIT,1702242424113,126,0.25639
WOOUSDT,SELL,LIMIT,1702242427000,1344,0.25579
WOOUSDT,SELL,LIMIT,1702244528399,1522,0.25405
WOOUSDT,BUY,LIMIT,1702246793115,2550,0.26071
WOOUSDT,BUY,LIMIT,1702248704297,180,0.26418
WOOUSDT,BUY,LIMIT,1702250661755,396,0.26613
WOOUSDT,BUY,LIMIT,1702250784904,23346,0.26781
WOOUSDT,SELL,LIMIT,1702256145100,667,0.25534
WOOUSDT,SELL,LIMIT,1702256456559,497,0.25402
WOOUSDT,SELL,LIMIT,1702256458104,4503,0.25401
WOOUSDT,SELL,LIMIT,1702256493244,237,0.25380
WOOUSDT,SELL,LIMIT,1702256616270,2330,0.25292
WOOUSDT,SELL,LIMIT,1702256620301,381,0.25263
WOOUSDT,SELL,LIMIT,1702256626036,1253,0.25267
WOOUSDT,SELL,LIMIT,1702257009465,1040,0.25059
WOOUSDT,SELL,LIMIT,1702260285354,8815,0.25125
WOOUSDT,SELL,LIMIT,1702260323667,3854,0.25059
WOOUSDT,SELL,LIMIT,1702260422961,44,0.25040
WOOUSDT,SELL,LIMIT,1702260435066,5362,0.24976
WOOUSDT,SELL,LIMIT,1702260436203,2335,0.24953
WOOUSDT,SELL,LIMIT,1702260439496,118,0.24970
WOOUSDT,SELL,LIMIT,1702260441642,105,0.24945
WOOUSDT,SELL,LIMIT,1702260479850,367,0.24890
WOOUSDT,SELL,LIMIT,1702260489827,401,0.24883
WOOUSDT,SELL,LIMIT,1702260622207,6341,0.24875
WOOUSDT,SELL,LIMIT,1702260631456,58,0.24807
WOOUSDT,SELL,LIMIT,1702260633278,1084,0.24804
WOOUSDT,SELL,LIMIT,1702260690250,1251,0.24744
WOOUSDT,SELL,LIMIT,1702260691743,3798,0.24717
WOOUSDT,SELL,LIMIT,1702260695420,1024,0.24688
WOOUSDT,SELL,LIMIT,1702260699263,2306,0.24689
WOOUSDT,SELL,LIMIT,1702260708555,1027,0.24640
WOOUSDT,SELL,LIMIT,1702260710288,23,0.24623
WOOUSDT,BUY,LIMIT,1702260711570,471,0.25396
WOOUSDT,SELL,LIMIT,1702260712756,608,0.24577
WOOUSDT,SELL,LIMIT,1702260714415,104,0.24567
WOOUSDT,SELL,LIMIT,1702260715810,68,0.24558
WOOUSDT,SELL,LIMIT,1702260719322,1000,0.24534
WOOUSDT,SELL,LIMIT,1702260721838,2412,0.24524
WOOUSDT,SELL,LIMIT,1702260723471,4132,0.24449
WOOUSDT,SELL,LIMIT,1702260726221,396,0.24400
WOOUSDT,SELL,LIMIT,1702260730225,1842,0.24405
WOOUSDT,SELL,LIMIT,1702260731866,650,0.24350
WOOUSDT,SELL,LIMIT,1702260735112,2140,0.24213
WOOUSDT,SELL,LIMIT,1702260737366,5738,0.24225
WOOUSDT,SELL,LIMIT,1702260741545,19000,0.24116
WOOUSDT,SELL,LIMIT,1702260742870,821,0.24138
WOOUSDT,SELL,LIMIT,1702260744110,102,0.24123
WOOUSDT,SELL,LIMIT,1702260745635,82,0.24028
WOOUSDT,SELL,LIMIT,1702260746903,743,0.24027
WOOUSDT,SELL,LIMIT,1702260750109,1247,0.24126
WOOUSDT,SELL,LIMIT,1702260751581,1229,0.23910
WOOUSDT,SELL,LIMIT,1702260752659,1470,0.23879
WOOUSDT,SELL,LIMIT,1702260753800,1,0.23848
WOOUSDT,SELL,LIMIT,1702260755192,6692,0.23995
WOOUSDT,SELL,LIMIT,1702260756456,924,0.23992
WOOUSDT,SELL,LIMIT,1702260757679,1532,0.23897
WOOUSDT,SELL,LIMIT,1702260758871,9850,0.23754
WOOUSDT,SELL,LIMIT,1702260760125,41,0.23666
WOOUSDT,SELL,LIMIT,1702260761983,24,0.23709
WOOUSDT,SELL,LIMIT,1702260763034,41,0.23433
WOOUSDT,SELL,LIMIT,1702260764755,41,0.23552
WOOUSDT,SELL,LIMIT,1702260766185,7936,0.23552
WOOUSDT,SELL,LIMIT,1702260767257,41,0.23223
WOOUSDT,SELL,LIMIT,1702260768268,213,0.23167
WOOUSDT,SELL,LIMIT,1702260769576,4264,0.23111
WOOUSDT,SELL,LIMIT,1702260770775,4335,0.23015
WOOUSDT,SELL,LIMIT,1702260771820,41,0.23032
WOOUSDT,SELL,LIMIT,1702260772863,530,0.23023
WOOUSDT,SELL,LIMIT,1702260773928,22,0.23032
WOOUSDT,SELL,LIMIT,1702260775442,4135,0.22966
WOOUSDT,SELL,LIMIT,1702260776917,41,0.22922
WOOUSDT,SELL,LIMIT,1702260778207,41,0.22919
WOOUSDT,SELL,LIMIT,1702260779453,237,0.22827
WOOUSDT,SELL,LIMIT,1702260780528,194,0.22961
WOOUSDT,SELL,LIMIT,1702260781548,1224,0.22709
WOOUSDT,SELL,LIMIT,1702260782596,2800,0.23350
WOOUSDT,SELL,LIMIT,1702260783633,9000,0.22648
WOOUSDT,SELL,LIMIT,1702260784763,39,0.22648
WOOUSDT,SELL,LIMIT,1702260786293,190,0.22717
WOOUSDT,SELL,LIMIT,1702260787419,6382,0.22619
WOOUSDT,SELL,LIMIT,1702260788460,103,0.22591
WOOUSDT,SELL,LIMIT,1702260789736,100,0.22582
WOOUSDT,SELL,LIMIT,1702260791597,5933,0.22588
WOOUSDT,SELL,LIMIT,1702260792727,98039,0.22619
WOOUSDT,SELL,LIMIT,1702260793797,9490,0.22565
WOOUSDT,SELL,LIMIT,1702260795470,214,0.22559
WOOUSDT,SELL,LIMIT,1702260797288,73,0.22712
WOOUSDT,SELL,LIMIT,1702260798454,76,0.36839
WOOUSDT,SELL,LIMIT,1702260799567,236,0.22605
WOOUSDT,SELL,LIMIT,1702260800765,41,0.22662
WOOUSDT,SELL,LIMIT,1702260802216,1018,0.22555
WOOUSDT,SELL,LIMIT,1702260804796,1180,0.22546
WOOUSDT,SELL,LIMIT,1702260805949,443,0.22531
WOOUSDT,SELL,LIMIT,1702260807600,20044,0.22504
WOOUSDT,SELL,LIMIT,1702260810715,768,0.22483
WOOUSDT,SELL,LIMIT,1702260812150,76920,0.22401
WOOUSDT,SELL,LIMIT,1702260813265,1993,0.22487
WOOUSDT,SELL,LIMIT,1702260814283,8000,0.22461
WOOUSDT,SELL,LIMIT,1702260815295,120,0.22477
WOOUSDT,SELL,LIMIT,1702260816932,3640,0.22465
WOOUSDT,SELL,LIMIT,1702260818192,3014,0.22453
WOOUSDT,SELL,LIMIT,1702260819194,2585,0.22415
WOOUSDT,SELL,LIMIT,1702260822202,21,0.22767
WOOUSDT,BUY,LIMIT,1702260843331,15874,0.23382
WOOUSDT,BUY,LIMIT,1702260947337,324,0.24003
WOOUSDT,SELL,LIMIT,1702261112456,143,0.23420
WOOUSDT,SELL,LIMIT,1702262356363,890,0.23667
WOOUSDT,SELL,LIMIT,1702262615563,494,0.23467
WOOUSDT,SELL,LIMIT,1702264981758,4776,0.23752
WOOUSDT,SELL,LIMIT,1702265724235,19,0.23911
WOOUSDT,SELL,LIMIT,1702266101500,19,0.24052
