Symbol,Side,Order Type,Time,Quantity,Price
WOOUSDT,SELL,LIMIT,1701929153519,515,0.23119
WOOUSDT,SELL,LIMIT,1701931651820,16474,0.23245
WOOUSDT,SELL,LIMIT,1701933633659,3245,0.23212
WOOUSDT,SELL,LIMIT,1701934424951,111,0.23201
WOOUSDT,SELL,LIMIT,1701940564183,46,0.22660
WOOUSDT,SELL,LIMIT,1701941151189,21123,0.22491
WOOUSDT,SELL,LIMIT,1701941154476,6718,0.22457
WOOUSDT,SELL,LIMIT,1701941177640,437,0.22434
WOOUSDT,SELL,LIMIT,1701941184144,2512,0.22419
WOOUSDT,SELL,LIMIT,1701941193402,1594,0.22390
WOOUSDT,SELL,LIMIT,1701941236463,3790,0.22359
WOOUSDT,SELL,LIMIT,1701941245479,21538,0.22345
WOOUSDT,SELL,LIMIT,1701941246848,1510,0.22332
WOOUSDT,SELL,LIMIT,1701941248515,4072,0.22317
WOOUSDT,BUY,LIMIT,1701946869501,839,0.23443
WOOUSDT,SELL,LIMIT,1701951199138,635,0.23006
WOOUSDT,BUY,LIMIT,1701956994119,4183,0.23967
WOOUSDT,SELL,LIMIT,1701958641522,1705,0.23058
WOOUSDT,SELL,LIMIT,1701958791202,45,0.23040
WOOUSDT,BUY,LIMIT,1701962865203,1762,0.24214
WOOUSDT,BUY,LIMIT,1701964380643,25,0.24235
WOOUSDT,BUY,LIMIT,1701965513020,5681,0.24412
WOOUSDT,BUY,LIMIT,1701966093205,735,0.24586
WOOUSDT,BUY,LIMIT,1701966719429,1104,0.24692
WOOUSDT,BUY,LIMIT,1701966892105,1170,0.24751
WOOUSDT,SELL,LIMIT,1701967739727,2883,0.23852
WOOUSDT,SELL,LIMIT,1701968693326,165,0.23733
WOOUSDT,SELL,LIMIT,1701968950957,15207,0.23700
WOOUSDT,SELL,LIMIT,1701969100926,561,0.23695
WOOUSDT,BUY,LIMIT,1701971472506,49,0.24515
WOOUSDT,SELL,LIMIT,1701973971305,3744,0.23769
WOOUSDT,SELL,LIMIT,1701974643880,886,0.23685
WOOUSDT,SELL,LIMIT,1701976397265,1061,0.23683
WOOUSDT,BUY,LIMIT,1701979596059,2142,0.24449
WOOUSDT,BUY,LIMIT,1701983943170,13262,0.24845
WOOUSDT,BUY,LIMIT,1701984103053,1198,0.24878
WOOUSDT,BUY,LIMIT,1701984472988,188,0.24884
WOOUSDT,BUY,LIMIT,1701984659141,835,0.25034
WOOUSDT,BUY,LIMIT,1701985054353,3613,0.25135
WOOUSDT,BUY,LIMIT,1701985125327,398,0.25241
WOOUSDT,SELL,LIMIT,1701987491732,2787,0.24250
WOOUSDT,SELL,LIMIT,1701989584988,1530,0.24092
WOOUSDT,SELL,LIMIT,1701991571068,1608,0.24044
WOOUSDT,SELL,LIMIT,1701997410478,1538,0.23964
WOOUSDT,SELL,LIMIT,1701997544732,136,0.23940
WOOUSDT,SELL,LIMIT,1702003719310,1137,0.23803
WOOUSDT,SELL,LIMIT,1702003722358,702,0.23803
WOOUSDT,BUY,LIMIT,1702005824487,10705,0.24825
WOOUSDT,BUY,LIMIT,1702007154541,115,0.24860
WOOUSDT,BUY,LIMIT,1702008187267,187,0.24841
WOOUSDT,BUY,LIMIT,1702016082924,293,0.24970
WOOUSDT,BUY,LIMIT,1702017971054,19227,0.25000
WOOUSDT,SELL,LIMIT,1702020638022,11899,0.23856
WOOUSDT,SELL,LIMIT,1702020656392,11793,0.23870
WOOUSDT,BUY,LIMIT,1702020961303,3788,0.24741
WOOUSDT,BUY,LIMIT,1702034912757,151,0.25370
WOOUSDT,BUY,LIMIT,1702035162027,860,0.25378
WOOUSDT,BUY,LIMIT,1702035169855,135,0.25411
WOOUSDT,BUY,LIMIT,1702035774841,419,0.25472
WOOUSDT,BUY,LIMIT,1702035968880,514,0.25494
WOOUSDT,SELL,LIMIT,1702037150774,947,0.24529
WOOUSDT,SELL,LIMIT,1702042212903,40,0.24382
WOOUSDT,SELL,LIMIT,1702042226905,7004,0.24373
WOOUSDT,SELL,LIMIT,1702044545048,1586,0.24212
WOOUSDT,BUY,LIMIT,1702048272279,600,0.25564
WOOUSDT,BUY,LIMIT,1702054347359,467,0.25153
WOOUSDT,BUY,LIMIT,1702054617470,1240,0.25136
WOOUSDT,BUY,LIMIT,1702055577294,48,0.24959
WOOUSDT,BUY,LIMIT,1702059767124,601,0.25223
WOOUSDT,BUY,LIMIT,1702061242295,1126,0.25439
WOOUSDT,BUY,LIMIT,1702061329874,80,0.25597
WOOUSDT,BUY,LIMIT,1702061750644,944,0.25636
WOOUSDT,SELL,LIMIT,1702065123545,3369,0.24726
WOOUSDT,BUY,LIMIT,1702066718374,719,0.25616
WOOUSDT,SELL,LIMIT,1702072954524,928,0.24850
WOOUSDT,BUY,LIMIT,1702073414270,607,0.25746
WOOUSDT,BUY,LIMIT,1702074124747,138,0.25756
WOOUSDT,BUY,LIMIT,1702074261256,5379,0.25774
WOOUSDT,BUY,LIMIT,1702074321981,1154,0.25794
WOOUSDT,SELL,LIMIT,1702076035156,135,0.24889
WOOUSDT,BUY,LIMIT,1702079049817,2672,0.25779
WOOUSDT,BUY,LIMIT,1702080420734,940,0.25821
WOOUSDT,BUY,LIMIT,1702081601086,47,0.25844
WOOUSDT,BUY,LIMIT,1702081606372,1,0.25849
WOOUSDT,BUY,LIMIT,1702081990282,1480,0.25929
WOOUSDT,BUY,LIMIT,1702082044060,421,0.25936
WOOUSDT,SELL,LIMIT,1702084089255,700,0.24774
WOOUSDT,SELL,LIMIT,1702084092768,5077,0.24761
WOOUSDT,SELL,LIMIT,1702084104006,37,0.24752
WOOUSDT,BUY,LIMIT,1702094610915,3560,0.25960
WOOUSDT,BUY,LIMIT,1702094707144,40,0.25998
WOOUSDT,BUY,LIMIT,1702094772902,8040,0.26040
WOOUSDT,BUY,LIMIT,1702094785870,1250,0.26055
WOOUSDT,BUY,LIMIT,1702099275298,1405,0.25886
WOOUSDT,BUY,LIMIT,1702103926011,76,0.26000
WOOUSDT,BUY,LIMIT,1702105848289,1525,0.26020
WOOUSDT,BUY,LIMIT,1702108224430,227,0.26088
WOOUSDT,BUY,LIMIT,1702109179369,8581,0.26181
WOOUSDT,BUY,LIMIT,1702109196807,21,0.26200
WOOUSDT,BUY,LIMIT,1702109514107,403,0.26162
WOOUSDT,SELL,LIMIT,1702110968990,1229,0.24878
WOOUSDT,SELL,LIMIT,1702110974399,329,0.24836
WOOUSDT,SELL,LIMIT,1702111027474,2167,0.24709
WOOUSDT,SELL,LIMIT,1702111034448,1561,0.24648
WOOUSDT,SELL,LIMIT,1702111035643,1435,0.24633
WOOUSDT,SELL,LIMIT,1702111041342,44,0.24520
WOOUSDT,SELL,LIMIT,1702111042933,4859,0.24539
WOOUSDT,SELL,LIMIT,1702111200135,6079,0.24656
WOOUSDT,SELL,LIMIT,1702111389092,616,0.24395
WOOUSDT,BUY,LIMIT,1702111631355,71,0.25503
WOOUSDT,SELL,LIMIT,1702125872173,8181,0.24773
WOOUSDT,SELL,LIMIT,1702132608136,1385,0.24750
WOOUSDT,SELL,LIMIT,1702132779976,7605,0.24681
WOOUSDT,SELL,LIMIT,1702132819995,440,0.24798
WOOUSDT,SELL,LIMIT,1702132995252,4921,0.24538
WOOUSDT,SELL,LIMIT,1702133005384,19638,0.24431
WOOUSDT,SELL,LIMIT,1702133008994,23,0.24389
WOOUSDT,SELL,LIMIT,1702133337936,5697,0.24448
