Symbol,Side,Order Type,Time,Quantity,Price
XLMUSDT,SELL,LIMIT,1701918909636,676,0.12190
XLMUSDT,BUY,LIMIT,1701923804132,1958,0.12686
XLMUSDT,BUY,LIMIT,1701924281523,2616,0.12812
XLMUSDT,BUY,LIMIT,1701924289413,1300,0.12829
XLMUSDT,BUY,LIMIT,1701926520727,125,0.12895
XLMUSDT,BUY,LIMIT,1701927621072,2160,0.12931
XLMUSDT,BUY,LIMIT,1701928871822,443,0.12931
XLMUSDT,SELL,LIMIT,1701929935210,11794,0.12465
XLMUSDT,SELL,LIMIT,1701931637322,465,0.12405
XLMUSDT,SELL,LIMIT,1701936772521,235,0.12461
XLMUSDT,SELL,LIMIT,1701937824802,1065,0.12355
XLMUSDT,SELL,LIMIT,1701939375694,8,0.12347
XLMUSDT,SELL,LIMIT,1701940440010,10269,0.12288
XLMUSDT,SELL,LIMIT,1701940535804,385,0.12262
XLMUSDT,SELL,LIMIT,1701940560552,5581,0.12252
XLMUSDT,SELL,LIMIT,1701940562131,2098,0.12248
XLMUSDT,SELL,LIMIT,1701940564068,345,0.12399
XLMUSDT,SELL,LIMIT,1701941056218,6830,0.12218
XLMUSDT,SELL,LIMIT,1701941074828,2403,0.12212
XLMUSDT,BUY,LIMIT,1701941146709,41,0.12563
XLMUSDT,SELL,LIMIT,1701941151665,20009,0.12181
XLMUSDT,SELL,LIMIT,1701941153426,65,0.12175
XLMUSDT,SELL,LIMIT,1701941158751,848,0.12158
XLMUSDT,SELL,LIMIT,1701941160038,2651,0.12160
XLMUSDT,SELL,LIMIT,1701941161257,6696,0.12157
XLMUSDT,SELL,LIMIT,1701941169468,790,0.12170
XLMUSDT,SELL,LIMIT,1701941174376,27664,0.12155
XLMUSDT,SELL,LIMIT,1701941178147,619,0.12149
XLMUSDT,SELL,LIMIT,1701941185109,10784,0.12246
XLMUSDT,SELL,LIMIT,1701941187737,2618,0.12128
XLMUSDT,SELL,LIMIT,1701941190316,932,0.12127
XLMUSDT,SELL,LIMIT,1701941235834,10964,0.12120
XLMUSDT,SELL,LIMIT,1701941239232,44,0.12125
XLMUSDT,SELL,LIMIT,1701941240232,19823,0.12109
XLMUSDT,SELL,LIMIT,1701941244203,6172,0.12106
XLMUSDT,SELL,LIMIT,1701941246454,12044,0.12097
XLMUSDT,SELL,LIMIT,1701944527310,51,0.12175
XLMUSDT,SELL,LIMIT,1701946507746,553,0.12135
XLMUSDT,BUY,LIMIT,1701952174248,103,0.12610
XLMUSDT,BUY,LIMIT,1701952205378,64,0.12617
XLMUSDT,SELL,LIMIT,1701957048485,2055,0.12194
XLMUSDT,SELL,LIMIT,1701958747476,10620,0.12220
XLMUSDT,BUY,LIMIT,1701961349154,2474,0.12632
XLMUSDT,BUY,LIMIT,1701961406323,66,0.12644
XLMUSDT,BUY,LIMIT,1701962669793,559,0.12665
XLMUSDT,BUY,LIMIT,1701965058187,629,0.12733
XLMUSDT,BUY,LIMIT,1701966311591,599,0.12778
XLMUSDT,BUY,LIMIT,1701966850167,60969,0.12797
XLMUSDT,BUY,LIMIT,1701967242791,9422,0.12796
XLMUSDT,BUY,LIMIT,1701967953155,454,0.12802
XLMUSDT,SELL,LIMIT,1701968939959,392,0.12349
XLMUSDT,SELL,LIMIT,1701971059041,105,0.12354
XLMUSDT,SELL,LIMIT,1701971370079,456,0.12343
XLMUSDT,BUY,LIMIT,1701973297672,1022,0.12777
XLMUSDT,SELL,LIMIT,1701974264200,2231,0.12341
XLMUSDT,SELL,LIMIT,1701974339359,85,0.12332
XLMUSDT,SELL,LIMIT,1701976484389,1108,0.12425
XLMUSDT,SELL,LIMIT,1701976661038,2738,0.12291
XLMUSDT,BUY,LIMIT,1701979388107,974,0.12685
XLMUSDT,BUY,LIMIT,1701979930239,945,0.12731
XLMUSDT,SELL,LIMIT,1701981546110,20189,0.12294
XLMUSDT,BUY,LIMIT,1701984741602,40191,0.12778
XLMUSDT,SELL,LIMIT,1701987584312,10964,0.12380
XLMUSDT,BUY,LIMIT,1701993697760,192,0.12827
XLMUSDT,BUY,LIMIT,1701993942141,26693,0.12836
XLMUSDT,BUY,LIMIT,1701994219513,10509,0.12860
XLMUSDT,SELL,LIMIT,1701996383879,3132,0.12435
XLMUSDT,BUY,LIMIT,1702003881779,28290,0.12875
XLMUSDT,BUY,LIMIT,1702004006330,279,0.12896
XLMUSDT,BUY,LIMIT,1702004950265,768,0.12915
XLMUSDT,BUY,LIMIT,1702007119967,2123,0.12932
XLMUSDT,BUY,LIMIT,1702009676988,1736,0.12930
XLMUSDT,SELL,LIMIT,1702011110733,1830,0.12534
XLMUSDT,BUY,LIMIT,1702015946372,860,0.12909
XLMUSDT,BUY,LIMIT,1702015989024,761,0.12915
XLMUSDT,BUY,LIMIT,1702018530388,14,0.12873
XLMUSDT,SELL,LIMIT,1702019257310,6418,0.12480
XLMUSDT,SELL,LIMIT,1702020190779,55,0.12464
XLMUSDT,SELL,LIMIT,1702020394391,349,0.12438
XLMUSDT,BUY,LIMIT,1702026847531,3943,0.12930
XLMUSDT,BUY,LIMIT,1702027050277,310,0.12940
XLMUSDT,BUY,LIMIT,1702027242372,477,0.12969
XLMUSDT,BUY,LIMIT,1702027271295,44,0.12988
XLMUSDT,BUY,LIMIT,1702027280798,7274,0.12994
XLMUSDT,BUY,LIMIT,1702027282115,33,0.12998
XLMUSDT,SELL,LIMIT,1702029533504,154,0.12640
XLMUSDT,BUY,LIMIT,1702035439952,28748,0.13044
XLMUSDT,BUY,LIMIT,1702035569791,209,0.13056
XLMUSDT,BUY,LIMIT,1702035606067,58,0.13054
XLMUSDT,BUY,LIMIT,1702035962470,66,0.13061
XLMUSDT,BUY,LIMIT,1702036051270,131,0.13073
XLMUSDT,BUY,LIMIT,1702036231326,570,0.13106
XLMUSDT,BUY,LIMIT,1702036247087,100,0.13147
XLMUSDT,BUY,LIMIT,1702036249220,6770,0.13154
XLMUSDT,BUY,LIMIT,1702036294855,89,0.13175
XLMUSDT,BUY,LIMIT,1702036566723,15762,0.13187
XLMUSDT,BUY,LIMIT,1702037894054,752,0.13200
XLMUSDT,BUY,LIMIT,1702038217652,1095,0.13206
XLMUSDT,BUY,LIMIT,1702038222255,1021,0.13211
XLMUSDT,BUY,LIMIT,1702038284498,1924,0.13237
XLMUSDT,BUY,LIMIT,1702038363541,67,0.13250
XLMUSDT,BUY,LIMIT,1702038481100,24092,0.13260
XLMUSDT,SELL,LIMIT,1702042245054,10676,0.12796
XLMUSDT,SELL,LIMIT,1702042557857,530,0.12778
XLMUSDT,SELL,LIMIT,1702042740666,1618,0.12747
XLMUSDT,SELL,LIMIT,1702043823154,14005,0.12721
XLMUSDT,BUY,LIMIT,1702045068787,55155,0.13174
XLMUSDT,BUY,LIMIT,1702045122229,1362,0.13186
XLMUSDT,BUY,LIMIT,1702045483467,3384,0.13205
XLMUSDT,BUY,LIMIT,1702047872639,19976,0.13279
XLMUSDT,BUY,LIMIT,1702048063723,6385,0.13284
XLMUSDT,BUY,LIMIT,1702048087351,258,0.13287
XLMUSDT,BUY,LIMIT,1702048088494,26378,0.13288
XLMUSDT,BUY,LIMIT,1702050449117,393,0.13305
XLMUSDT,BUY,LIMIT,1702050451492,289,0.13305
XLMUSDT,BUY,LIMIT,1702050461538,7744,0.13308
XLMUSDT,BUY,LIMIT,1702051123899,5753,0.13307
XLMUSDT,BUY,LIMIT,1702051176680,92,0.13321
XLMUSDT,BUY,LIMIT,1702051198135,90,0.13338
XLMUSDT,BUY,LIMIT,1702051217075,88414,0.13371
XLMUSDT,BUY,LIMIT,1702051257195,1037,0.13341
XLMUSDT,BUY,LIMIT,1702051267925,33731,0.13363
XLMUSDT,BUY,LIMIT,1702051270749,46,0.13369
XLMUSDT,BUY,LIMIT,1702051272276,630,0.13380
XLMUSDT,BUY,LIMIT,1702051288742,82,0.13389
XLMUSDT,BUY,LIMIT,1702051289889,43,0.13395
XLMUSDT,BUY,LIMIT,1702051429515,2433,0.13422
XLMUSDT,BUY,LIMIT,1702051432441,44319,0.13432
XLMUSDT,BUY,LIMIT,1702051445135,563,0.13440
XLMUSDT,BUY,LIMIT,1702051545605,3318,0.13451
XLMUSDT,BUY,LIMIT,1702051548214,5141,0.13449
XLMUSDT,BUY,LIMIT,1702052161449,390,0.13429
XLMUSDT,BUY,LIMIT,1702052554370,366,0.13456
XLMUSDT,BUY,LIMIT,1702052560287,2212,0.13463
XLMUSDT,BUY,LIMIT,1702052565146,621,0.13467
XLMUSDT,BUY,LIMIT,1702052618675,26741,0.13487
XLMUSDT,BUY,LIMIT,1702052628324,1530,0.13501
XLMUSDT,BUY,LIMIT,1702052642812,817,0.13505
XLMUSDT,BUY,LIMIT,1702054130050,962,0.13530
XLMUSDT,BUY,LIMIT,1702054134769,592,0.13533
XLMUSDT,SELL,LIMIT,1702055229079,98,0.13051
XLMUSDT,SELL,LIMIT,1702055262361,1574,0.13005
XLMUSDT,SELL,LIMIT,1702055290893,1930,0.12993
XLMUSDT,SELL,LIMIT,1702060549768,5067,0.12932
XLMUSDT,BUY,LIMIT,1702064195892,295,0.13360
XLMUSDT,BUY,LIMIT,1702066078443,18818,0.13364
XLMUSDT,BUY,LIMIT,1702066148180,173,0.13375
XLMUSDT,BUY,LIMIT,1702068083453,11567,0.13400
XLMUSDT,BUY,LIMIT,1702068602444,374,0.13436
XLMUSDT,BUY,LIMIT,1702068983722,605,0.13430
XLMUSDT,BUY,LIMIT,1702069371339,373,0.13446
XLMUSDT,BUY,LIMIT,1702070735327,255,0.13447
XLMUSDT,SELL,LIMIT,1702070752829,42,0.13059
XLMUSDT,BUY,LIMIT,1702078182357,12333,0.13436
XLMUSDT,BUY,LIMIT,1702080022974,1000,0.13454
XLMUSDT,BUY,LIMIT,1702080550820,2417,0.13471
XLMUSDT,BUY,LIMIT,1702080976624,187,0.13494
XLMUSDT,BUY,LIMIT,1702081169501,12942,0.13505
XLMUSDT,BUY,LIMIT,1702081183104,1732,0.13514
XLMUSDT,SELL,LIMIT,1702081364752,378,0.13120
XLMUSDT,BUY,LIMIT,1702081677806,1513,0.13532
XLMUSDT,BUY,LIMIT,1702081685140,2072,0.13549
XLMUSDT,BUY,LIMIT,1702082385336,6347,0.13530
XLMUSDT,BUY,LIMIT,1702082671360,830,0.13530
XLMUSDT,SELL,LIMIT,1702084083736,127,0.12997
XLMUSDT,SELL,LIMIT,1702084105113,151,0.12975
XLMUSDT,BUY,LIMIT,1702085767638,240,0.13508
XLMUSDT,BUY,LIMIT,1702091767261,1220,0.13492
XLMUSDT,BUY,LIMIT,1702092202431,677,0.13537
XLMUSDT,BUY,LIMIT,1702092213150,8130,0.13538
XLMUSDT,BUY,LIMIT,1702092602375,1296,0.13525
XLMUSDT,SELL,LIMIT,1702094640017,81,0.13100
XLMUSDT,BUY,LIMIT,1702094956114,938,0.13556
XLMUSDT,BUY,LIMIT,1702094958478,10735,0.13563
XLMUSDT,BUY,LIMIT,1702094961539,4165,0.13563
XLMUSDT,BUY,LIMIT,1702094968254,61387,0.13575
XLMUSDT,BUY,LIMIT,1702094970259,171,0.13578
XLMUSDT,BUY,LIMIT,1702094974107,184,0.13591
XLMUSDT,BUY,LIMIT,1702094977466,325,0.13600
XLMUSDT,BUY,LIMIT,1702094989227,45,0.13617
XLMUSDT,BUY,LIMIT,1702094990647,2163,0.13619
XLMUSDT,BUY,LIMIT,1702094995236,12613,0.13629
XLMUSDT,BUY,LIMIT,1702094997739,5044,0.13637
XLMUSDT,BUY,LIMIT,1702095001217,1569,0.13645
XLMUSDT,BUY,LIMIT,1702095197150,1880,0.13652
XLMUSDT,BUY,LIMIT,1702095198302,961,0.13655
XLMUSDT,BUY,LIMIT,1702095272261,333,0.13679
XLMUSDT,BUY,LIMIT,1702095346152,3639,0.13692
XLMUSDT,BUY,LIMIT,1702096478478,632,0.13712
XLMUSDT,BUY,LIMIT,1702096489642,243,0.13716
XLMUSDT,BUY,LIMIT,1702096505476,107,0.13725
XLMUSDT,BUY,LIMIT,1702096518099,2919,0.13729
XLMUSDT,SELL,LIMIT,1702096521068,301,0.13327
XLMUSDT,BUY,LIMIT,1702096642325,685,0.13724
XLMUSDT,BUY,LIMIT,1702096687679,741,0.13741
XLMUSDT,BUY,LIMIT,1702096692833,181,0.13745
XLMUSDT,BUY,LIMIT,1702096695682,272,0.13749
XLMUSDT,BUY,LIMIT,1702096845122,21177,0.13761
XLMUSDT,BUY,LIMIT,1702096967602,179,0.13770
XLMUSDT,BUY,LIMIT,1702097195249,754,0.13788
XLMUSDT,BUY,LIMIT,1702097607010,1734,0.13798
XLMUSDT,BUY,LIMIT,1702097625741,622,0.13814
XLMUSDT,BUY,LIMIT,1702097653285,169,0.13817
XLMUSDT,BUY,LIMIT,1702097686207,107081,0.13874
XLMUSDT,BUY,LIMIT,1702099477179,37932,0.13881
XLMUSDT,BUY,LIMIT,1702099481640,537,0.13888
XLMUSDT,SELL,LIMIT,1702099692105,2944,0.13399
XLMUSDT,SELL,LIMIT,1702100073794,37958,0.13362
XLMUSDT,SELL,LIMIT,1702100822121,53,0.13310
XLMUSDT,SELL,LIMIT,1702100857672,36816,0.13306
XLMUSDT,BUY,LIMIT,1702103376622,1875,0.13749
XLMUSDT,BUY,LIMIT,1702105851478,2635,0.13762
XLMUSDT,BUY,LIMIT,1702106013956,1196,0.13771
XLMUSDT,BUY,LIMIT,1702106825704,1033,0.13740
XLMUSDT,BUY,LIMIT,1702107227897,30000,0.13762
XLMUSDT,SELL,LIMIT,1702108075180,107,0.13401
XLMUSDT,SELL,LIMIT,1702108077280,500,0.13393
XLMUSDT,BUY,LIMIT,1702108155006,1000,0.13818
XLMUSDT,BUY,LIMIT,1702108306773,6100,0.13814
XLMUSDT,BUY,LIMIT,1702108930517,293,0.13835
XLMUSDT,BUY,LIMIT,1702109481808,688,0.13832
XLMUSDT,BUY,LIMIT,1702109773516,540,0.13894
XLMUSDT,BUY,LIMIT,1702109783736,139,0.13900
XLMUSDT,SELL,LIMIT,1702110258876,1815,0.13478
XLMUSDT,SELL,LIMIT,1702110452408,1111,0.13430
XLMUSDT,SELL,LIMIT,1702110878110,51313,0.13365
XLMUSDT,SELL,LIMIT,1702110880495,13000,0.13358
XLMUSDT,SELL,LIMIT,1702110974157,1625,0.13285
XLMUSDT,SELL,LIMIT,1702110977208,3799,0.13266
XLMUSDT,SELL,LIMIT,1702111032364,1268,0.13245
XLMUSDT,SELL,LIMIT,1702111036122,7305,0.13238
XLMUSDT,SELL,LIMIT,1702111038151,5594,0.13237
XLMUSDT,SELL,LIMIT,1702111040130,2991,0.13208
XLMUSDT,SELL,LIMIT,1702111044971,773,0.13219
XLMUSDT,SELL,LIMIT,1702111362520,3573,0.13177
XLMUSDT,SELL,LIMIT,1702111382917,92,0.13257
XLMUSDT,SELL,LIMIT,1702111386335,7383,0.13160
XLMUSDT,SELL,LIMIT,1702111389421,1683,0.13390
XLMUSDT,SELL,LIMIT,1702111390637,4408,0.13132
XLMUSDT,SELL,LIMIT,1702111394312,18275,0.13127
XLMUSDT,SELL,LIMIT,1702111473410,43479,0.13119
XLMUSDT,BUY,LIMIT,1702113285011,196,0.13537
XLMUSDT,SELL,LIMIT,1702114847862,9285,0.13166
XLMUSDT,SELL,LIMIT,1702115023497,292,0.13160
XLMUSDT,SELL,LIMIT,1702115078847,726,0.13147
XLMUSDT,SELL,LIMIT,1702115102492,3217,0.13128
XLMUSDT,BUY,LIMIT,1702120206468,7588,0.13767
XLMUSDT,SELL,LIMIT,1702124382138,1250,0.13328
XLMUSDT,SELL,LIMIT,1702124386795,494,0.13319
XLMUSDT,SELL,LIMIT,1702124395390,23771,0.13310
XLMUSDT,SELL,LIMIT,1702124665726,36808,0.13307
XLMUSDT,SELL,LIMIT,1702124752423,520,0.13278
XLMUSDT,SELL,LIMIT,1702124753460,1129,0.13288
XLMUSDT,BUY,LIMIT,1702126278314,8321,0.13771
XLMUSDT,BUY,LIMIT,1702126292611,1543,0.13778
XLMUSDT,BUY,LIMIT,1702127210354,1893,0.13815
XLMUSDT,BUY,LIMIT,1702131427377,14795,0.13852
XLMUSDT,BUY,LIMIT,1702131429315,1943,0.13859
XLMUSDT,SELL,LIMIT,1702132822761,17756,0.13360
XLMUSDT,SELL,LIMIT,1702132992991,4209,0.13307
XLMUSDT,SELL,LIMIT,1702132994479,1237,0.13306
XLMUSDT,SELL,LIMIT,1702133007108,1557,0.13250
XLMUSDT,SELL,LIMIT,1702133328140,1237,0.13260
XLMUSDT,BUY,LIMIT,1702137079132,3875,0.13902
XLMUSDT,BUY,LIMIT,1702137141452,7760,0.13914
XLMUSDT,BUY,LIMIT,1702137198563,258,0.13930
XLMUSDT,BUY,LIMIT,1702137281995,1290,0.13966
XLMUSDT,BUY,LIMIT,1702137291014,19585,0.13984
XLMUSDT,BUY,LIMIT,1702137328443,303,0.13999
XLMUSDT,BUY,LIMIT,1702137380342,142,0.14014
XLMUSDT,BUY,LIMIT,1702137394449,799,0.14020
XLMUSDT,SELL,LIMIT,1702138746172,1231,0.13538
XLMUSDT,SELL,LIMIT,1702139005884,72590,0.13463
XLMUSDT,SELL,LIMIT,1702139258857,1000,0.13424
XLMUSDT,SELL,LIMIT,1702139271713,1996,0.13416
XLMUSDT,SELL,LIMIT,1702139276518,2853,0.13416
XLMUSDT,SELL,LIMIT,1702139294150,3535,0.13416
XLMUSDT,SELL,LIMIT,1702141633469,2944,0.13419
XLMUSDT,SELL,LIMIT,1702141663267,2170,0.13412
XLMUSDT,SELL,LIMIT,1702141668088,7317,0.13397
XLMUSDT,SELL,LIMIT,1702141798196,274,0.13364
XLMUSDT,SELL,LIMIT,1702141845575,768,0.13401
XLMUSDT,SELL,LIMIT,1702141851039,1086,0.13343
XLMUSDT,SELL,LIMIT,1702141852089,19154,0.13340
XLMUSDT,SELL,LIMIT,1702141853566,8566,0.13332
XLMUSDT,SELL,LIMIT,1702141855226,8713,0.13323
XLMUSDT,SELL,LIMIT,1702141856471,339,0.13328
XLMUSDT,SELL,LIMIT,1702141860854,1073,0.13312
XLMUSDT,SELL,LIMIT,1702142781100,626,0.13362
XLMUSDT,SELL,LIMIT,1702143930205,94,0.13313
XLMUSDT,SELL,LIMIT,1702143938265,2447,0.13309
XLMUSDT,SELL,LIMIT,1702144632278,3974,0.13330
XLMUSDT,BUY,LIMIT,1702145790719,2861,0.13749
XLMUSDT,SELL,LIMIT,1702152450873,1592,0.13300
XLMUSDT,SELL,LIMIT,1702152773427,2195,0.13285
XLMUSDT,SELL,LIMIT,1702152919135,1100,0.13267
XLMUSDT,SELL,LIMIT,1702156358158,123,0.13245
XLMUSDT,BUY,LIMIT,1702159943966,263,0.13746
XLMUSDT,BUY,LIMIT,1702160054233,499,0.13754
XLMUSDT,SELL,LIMIT,1702164197432,283,0.13265
XLMUSDT,SELL,LIMIT,1702164277326,3151,0.13236
XLMUSDT,SELL,LIMIT,1702164298532,456,0.13233
XLMUSDT,SELL,LIMIT,1702164302303,5929,0.13225
XLMUSDT,SELL,LIMIT,1702164423956,188,0.13220
XLMUSDT,SELL,LIMIT,1702164525044,3742,0.13206
XLMUSDT,SELL,LIMIT,1702164526554,13676,0.13199
XLMUSDT,SELL,LIMIT,1702164529061,53,0.13195
XLMUSDT,SELL,LIMIT,1702164535163,1297,0.13188
XLMUSDT,SELL,LIMIT,1702164579504,1053,0.13176
XLMUSDT,SELL,LIMIT,1702164590779,1405,0.13173
XLMUSDT,SELL,LIMIT,1702164668950,13078,0.13170
XLMUSDT,SELL,LIMIT,1702164686120,138,0.13151
XLMUSDT,SELL,LIMIT,1702164688574,36388,0.13145
XLMUSDT,SELL,LIMIT,1702164744140,868,0.13128
XLMUSDT,SELL,LIMIT,1702164747141,12586,0.13122
XLMUSDT,SELL,LIMIT,1702164748233,3119,0.13122
XLMUSDT,SELL,LIMIT,1702164750137,289,0.13105
XLMUSDT,SELL,LIMIT,1702164751207,12650,0.13109
XLMUSDT,SELL,LIMIT,1702164800922,37,0.13107
XLMUSDT,SELL,LIMIT,1702164806218,19866,0.13084
XLMUSDT,SELL,LIMIT,1702164809055,2428,0.13080
XLMUSDT,SELL,LIMIT,1702164810678,3792,0.14699
XLMUSDT,SELL,LIMIT,1702164811839,221,0.13074
XLMUSDT,BUY,LIMIT,1702168738110,713,0.13757
XLMUSDT,SELL,LIMIT,1702176598134,662,0.13376
XLMUSDT,SELL,LIMIT,1702176613293,113,0.13370
XLMUSDT,SELL,LIMIT,1702176615173,1705,0.13364
XLMUSDT,SELL,LIMIT,1702177009318,2635,0.13358
XLMUSDT,SELL,LIMIT,1702177011804,37866,0.13356
XLMUSDT,SELL,LIMIT,1702177201205,3375,0.13341
XLMUSDT,SELL,LIMIT,1702178278296,6231,0.13295
XLMUSDT,BUY,LIMIT,1702188318906,1374,0.13844
XLMUSDT,BUY,LIMIT,1702189656136,38255,0.13866
XLMUSDT,BUY,LIMIT,1702189660974,456,0.13869
XLMUSDT,BUY,LIMIT,1702189838178,268,0.13899
XLMUSDT,SELL,LIMIT,1702192869664,7809,0.13415
XLMUSDT,SELL,LIMIT,1702192875713,3605,0.13403
XLMUSDT,SELL,LIMIT,1702192908737,3812,0.13391
XLMUSDT,SELL,LIMIT,1702192914614,6586,0.13386
XLMUSDT,SELL,LIMIT,1702195909955,877,0.13331
XLMUSDT,SELL,LIMIT,1702196112368,15934,0.13320
XLMUSDT,SELL,LIMIT,1702196791915,482,0.13289
XLMUSDT,SELL,LIMIT,1702197047773,811,0.13281
XLMUSDT,SELL,LIMIT,1702197051248,16154,0.13275
XLMUSDT,SELL,LIMIT,1702197052856,454,0.13272
XLMUSDT,SELL,LIMIT,1702197892474,2945,0.13246
XLMUSDT,SELL,LIMIT,1702200301645,375,0.13241
XLMUSDT,SELL,LIMIT,1702200303849,138,0.13240
XLMUSDT,SELL,LIMIT,1702200327257,7088,0.13234
XLMUSDT,SELL,LIMIT,1702200356220,1500,0.13225
XLMUSDT,SELL,LIMIT,1702200753523,147,0.13198
XLMUSDT,SELL,LIMIT,1702200792099,31679,0.13163
XLMUSDT,SELL,LIMIT,1702200794309,10721,0.13149
XLMUSDT,SELL,LIMIT,1702200948353,300,0.13131
XLMUSDT,SELL,LIMIT,1702201409782,5000,0.13104
XLMUSDT,SELL,LIMIT,1702201496411,56,0.13104
XLMUSDT,SELL,LIMIT,1702202052276,2795,0.13113
XLMUSDT,SELL,LIMIT,1702202077471,269,0.13097
XLMUSDT,SELL,LIMIT,1702202081066,117,0.13094
XLMUSDT,SELL,LIMIT,1702202151029,13341,0.13095
XLMUSDT,SELL,LIMIT,1702202175500,5416,0.13085
XLMUSDT,SELL,LIMIT,1702202226885,1000,0.13071
XLMUSDT,SELL,LIMIT,1702202258325,31650,0.13065
XLMUSDT,SELL,LIMIT,1702202267739,375,0.13050
XLMUSDT,SELL,LIMIT,1702202276467,74,0.13044
XLMUSDT,SELL,LIMIT,1702202280117,26287,0.13037
XLMUSDT,SELL,LIMIT,1702202290269,750,0.13035
XLMUSDT,SELL,LIMIT,1702202298159,2679,0.13032
XLMUSDT,SELL,LIMIT,1702202301007,113,0.13030
XLMUSDT,SELL,LIMIT,1702202318311,1334,0.13036
XLMUSDT,SELL,LIMIT,1702202319693,285,0.13022
XLMUSDT,SELL,LIMIT,1702202322575,694,0.13021
XLMUSDT,SELL,LIMIT,1702202324089,5980,0.13011
XLMUSDT,SELL,LIMIT,1702202325388,1450,0.13005
XLMUSDT,SELL,LIMIT,1702202370287,3335,0.13005
XLMUSDT,SELL,LIMIT,1702202372486,1339,0.13000
XLMUSDT,SELL,LIMIT,1702202377787,14119,0.12997
XLMUSDT,SELL,LIMIT,1702202379142,5332,0.12995
XLMUSDT,SELL,LIMIT,1702202380362,1313,0.12992
XLMUSDT,SELL,LIMIT,1702202381502,3773,0.12989
XLMUSDT,SELL,LIMIT,1702202383108,44,0.12973
XLMUSDT,SELL,LIMIT,1702202387136,1334,0.12981
XLMUSDT,SELL,LIMIT,1702202388220,74,0.12979
XLMUSDT,SELL,LIMIT,1702202391178,4584,0.12973
XLMUSDT,SELL,LIMIT,1702202395186,732,0.12974
XLMUSDT,SELL,LIMIT,1702202396926,357,0.12968
XLMUSDT,BUY,LIMIT,1702205629320,2041,0.13490
XLMUSDT,BUY,LIMIT,1702206063125,3868,0.13519
XLMUSDT,SELL,LIMIT,1702209202155,3410,0.13033
XLMUSDT,SELL,LIMIT,1702209328200,687,0.13006
XLMUSDT,BUY,LIMIT,1702210509706,30892,0.13458
XLMUSDT,BUY,LIMIT,1702210551395,757,0.13463
XLMUSDT,BUY,LIMIT,1702212987806,1359,0.13514
XLMUSDT,BUY,LIMIT,1702213052567,1817,0.13523
XLMUSDT,BUY,LIMIT,1702213100516,264,0.13533
XLMUSDT,BUY,LIMIT,1702217232570,724,0.13502
XLMUSDT,BUY,LIMIT,1702220124360,40,0.13559
XLMUSDT,BUY,LIMIT,1702220800954,232,0.13577
XLMUSDT,BUY,LIMIT,1702221886046,44,0.13611
XLMUSDT,BUY,LIMIT,1702222272139,701,0.13621
XLMUSDT,BUY,LIMIT,1702222345216,1783,0.13648
XLMUSDT,BUY,LIMIT,1702222357607,44,0.13664
XLMUSDT,SELL,LIMIT,1702226713721,1484,0.13190
XLMUSDT,SELL,LIMIT,1702229192201,179,0.13122
XLMUSDT,SELL,LIMIT,1702229228514,6274,0.13118
XLMUSDT,SELL,LIMIT,1702230137346,225,0.13556
XLMUSDT,SELL,LIMIT,1702230259422,2062,0.13029
XLMUSDT,SELL,LIMIT,1702230617206,628,0.13015
XLMUSDT,SELL,LIMIT,1702235417001,25860,0.13061
XLMUSDT,SELL,LIMIT,1702235838238,14942,0.13049
XLMUSDT,SELL,LIMIT,1702236224578,2257,0.13030
XLMUSDT,SELL,LIMIT,1702236260241,1102,0.13031
XLMUSDT,BUY,LIMIT,1702238475344,76,0.13504
XLMUSDT,BUY,LIMIT,1702240717462,1593,0.13558
XLMUSDT,BUY,LIMIT,1702240726122,100,0.13559
XLMUSDT,SELL,LIMIT,1702240742023,45,0.13163
XLMUSDT,BUY,LIMIT,1702240981317,1476,0.13591
XLMUSDT,SELL,LIMIT,1702241182471,2,0.13181
XLMUSDT,BUY,LIMIT,1702241780462,65,0.13636
XLMUSDT,BUY,LIMIT,1702241782347,377,0.13644
XLMUSDT,SELL,LIMIT,1702242369408,8029,0.13253
XLMUSDT,SELL,LIMIT,1702248847117,382,0.13077
XLMUSDT,SELL,LIMIT,1702250251440,1307,0.13068
XLMUSDT,SELL,LIMIT,1702250312974,720,0.13045
XLMUSDT,BUY,LIMIT,1702253325898,5011,0.13589
XLMUSDT,BUY,LIMIT,1702254440862,178,0.13657
XLMUSDT,BUY,LIMIT,1702254462335,85,0.13665
XLMUSDT,SELL,LIMIT,1702255441200,11702,0.13199
XLMUSDT,SELL,LIMIT,1702256450500,26230,0.13154
XLMUSDT,SELL,LIMIT,1702256585134,2962,0.13125
XLMUSDT,SELL,LIMIT,1702256720842,300,0.13061
XLMUSDT,SELL,LIMIT,1702256729328,9783,0.13030
XLMUSDT,SELL,LIMIT,1702256885371,17067,0.13022
XLMUSDT,SELL,LIMIT,1702256891065,56,0.13003
XLMUSDT,SELL,LIMIT,1702256916570,3785,0.12971
XLMUSDT,SELL,LIMIT,1702256917843,3803,0.12965
XLMUSDT,SELL,LIMIT,1702256919064,1981,0.12961
XLMUSDT,SELL,LIMIT,1702256930220,3811,0.12952
XLMUSDT,SELL,LIMIT,1702256931221,7766,0.12953
XLMUSDT,SELL,LIMIT,1702257008440,21138,0.12937
XLMUSDT,SELL,LIMIT,1702260283897,6611,0.13031
XLMUSDT,BUY,LIMIT,1702260289744,1532,0.13380
XLMUSDT,SELL,LIMIT,1702260427582,37,0.12946
XLMUSDT,SELL,LIMIT,1702260429014,888,0.12945
XLMUSDT,SELL,LIMIT,1702260430629,4719,0.12932
XLMUSDT,SELL,LIMIT,1702260432305,37,0.13221
XLMUSDT,SELL,LIMIT,1702260433573,1933,0.12974
XLMUSDT,SELL,LIMIT,1702260436673,2520,0.12919
XLMUSDT,SELL,LIMIT,1702260437729,639,0.12906
XLMUSDT,SELL,LIMIT,1702260439147,18978,0.12897
XLMUSDT,SELL,LIMIT,1702260440375,8683,0.12898
XLMUSDT,SELL,LIMIT,1702260489167,346,0.12893
XLMUSDT,SELL,LIMIT,1702260602307,1994,0.12884
XLMUSDT,SELL,LIMIT,1702260607530,2033,0.12877
XLMUSDT,SELL,LIMIT,1702260612143,8949,0.12869
XLMUSDT,SELL,LIMIT,1702260613291,374,0.12866
XLMUSDT,SELL,LIMIT,1702260615323,72754,0.12862
XLMUSDT,SELL,LIMIT,1702260616367,945,0.12859
XLMUSDT,SELL,LIMIT,1702260617804,32005,0.12858
XLMUSDT,SELL,LIMIT,1702260622305,86,0.12843
XLMUSDT,SELL,LIMIT,1702260626794,1757,0.12831
XLMUSDT,SELL,LIMIT,1702260628235,248,0.12806
XLMUSDT,SELL,LIMIT,1702260630146,5000,0.12804
XLMUSDT,SELL,LIMIT,1702260631372,322,0.12806
XLMUSDT,SELL,LIMIT,1702260632386,1687,0.12802
XLMUSDT,SELL,LIMIT,1702260633521,221,0.12799
XLMUSDT,SELL,LIMIT,1702260636233,9000,0.12789
XLMUSDT,SELL,LIMIT,1702260637439,2466,0.12782
XLMUSDT,SELL,LIMIT,1702260667756,51515,0.12801
XLMUSDT,SELL,LIMIT,1702260695923,1103,0.12782
XLMUSDT,SELL,LIMIT,1702260697197,1413,0.12778
XLMUSDT,SELL,LIMIT,1702260699005,7449,0.12767
XLMUSDT,SELL,LIMIT,1702260700480,18437,0.12765
XLMUSDT,SELL,LIMIT,1702260708230,1472,0.12748
XLMUSDT,SELL,LIMIT,1702260709409,5451,0.12743
XLMUSDT,SELL,LIMIT,1702260711215,3265,0.12798
XLMUSDT,SELL,LIMIT,1702260713862,3805,0.12738
XLMUSDT,SELL,LIMIT,1702260715158,16612,0.12724
XLMUSDT,SELL,LIMIT,1702260716805,56,0.12717
XLMUSDT,SELL,LIMIT,1702260717812,611,0.12704
XLMUSDT,SELL,LIMIT,1702260718888,14436,0.12686
XLMUSDT,SELL,LIMIT,1702260721600,1295,0.12678
XLMUSDT,SELL,LIMIT,1702260723247,1525,0.12678
XLMUSDT,SELL,LIMIT,1702260724501,746,0.12645
XLMUSDT,SELL,LIMIT,1702260725702,1845,0.12703
XLMUSDT,SELL,LIMIT,1702260727683,4487,0.12644
XLMUSDT,SELL,LIMIT,1702260729506,1161,0.12646
XLMUSDT,SELL,LIMIT,1702260730638,16094,0.12637
XLMUSDT,SELL,LIMIT,1702260731977,218,0.12759
XLMUSDT,SELL,LIMIT,1702260733238,18550,0.12636
XLMUSDT,SELL,LIMIT,1702260735767,373,0.12636
XLMUSDT,SELL,LIMIT,1702260736801,2981,0.12633
XLMUSDT,SELL,LIMIT,1702260739164,7022,0.12620
XLMUSDT,SELL,LIMIT,1702260740278,2362,0.12608
XLMUSDT,SELL,LIMIT,1702260741544,806,0.12606
XLMUSDT,SELL,LIMIT,1702260742616,8658,0.12625
XLMUSDT,SELL,LIMIT,1702260743791,20850,0.12731
XLMUSDT,SELL,LIMIT,1702260744898,8793,0.12547
XLMUSDT,SELL,LIMIT,1702260746087,435,0.12559
XLMUSDT,SELL,LIMIT,1702260747094,1221,0.12546
XLMUSDT,SELL,LIMIT,1702260748108,103,0.12523
XLMUSDT,SELL,LIMIT,1702260749186,263,0.12517
XLMUSDT,SELL,LIMIT,1702260750883,930,0.12487
XLMUSDT,SELL,LIMIT,1702260751983,919,0.12488
XLMUSDT,SELL,LIMIT,1702260753307,1000,0.12491
XLMUSDT,SELL,LIMIT,1702260754511,648,0.12463
XLMUSDT,SELL,LIMIT,1702260755516,2795,0.12463
XLMUSDT,SELL,LIMIT,1702260756834,361,0.12447
XLMUSDT,SELL,LIMIT,1702260757853,1693,0.12462
XLMUSDT,SELL,LIMIT,1702260759093,1100,0.19163
XLMUSDT,SELL,LIMIT,1702260760125,37,0.12413
XLMUSDT,SELL,LIMIT,1702260761240,1352,0.12400
XLMUSDT,SELL,LIMIT,1702260762559,930,0.12351
XLMUSDT,SELL,LIMIT,1702260763643,2446,0.12319
XLMUSDT,SELL,LIMIT,1702260764675,5723,0.12319
XLMUSDT,SELL,LIMIT,1702260765723,37,0.12282
XLMUSDT,SELL,LIMIT,1702260766713,1781,0.12374
XLMUSDT,SELL,LIMIT,1702260767838,77136,0.12242
XLMUSDT,SELL,LIMIT,1702260768911,112,0.12207
XLMUSDT,SELL,LIMIT,1702260769880,1105,0.12220
XLMUSDT,SELL,LIMIT,1702260771027,174,0.12162
XLMUSDT,SELL,LIMIT,1702260772066,64641,0.12133
XLMUSDT,SELL,LIMIT,1702260773184,478,0.12110
XLMUSDT,SELL,LIMIT,1702260774397,5528,0.15328
XLMUSDT,SELL,LIMIT,1702260775472,5334,0.12094
XLMUSDT,SELL,LIMIT,1702260776770,753,0.12099
XLMUSDT,SELL,LIMIT,1702260777817,2099,0.12076
XLMUSDT,SELL,LIMIT,1702260778948,90,0.12045
XLMUSDT,SELL,LIMIT,1702260779976,874,0.12034
XLMUSDT,SELL,LIMIT,1702260781234,3926,0.12034
XLMUSDT,SELL,LIMIT,1702260783050,37,0.12037
XLMUSDT,SELL,LIMIT,1702260784431,352,0.12014
XLMUSDT,SELL,LIMIT,1702260785570,15052,0.11988
XLMUSDT,SELL,LIMIT,1702260787269,4513,0.11988
XLMUSDT,SELL,LIMIT,1702260788335,3121,0.11983
XLMUSDT,SELL,LIMIT,1702260789387,2359,0.11942
XLMUSDT,SELL,LIMIT,1702260790466,75,0.11935
XLMUSDT,SELL,LIMIT,1702260791589,3754,0.11920
XLMUSDT,SELL,LIMIT,1702260792647,950,0.11913
XLMUSDT,SELL,LIMIT,1702260793765,930,0.11905
XLMUSDT,SELL,LIMIT,1702260795478,1379,0.11882
XLMUSDT,SELL,LIMIT,1702260796538,10961,0.11877
XLMUSDT,SELL,LIMIT,1702260797537,2243,0.11880
XLMUSDT,SELL,LIMIT,1702260798673,1954,0.11880
XLMUSDT,SELL,LIMIT,1702260799827,1862,0.11852
XLMUSDT,SELL,LIMIT,1702260800850,2822,0.11842
XLMUSDT,SELL,LIMIT,1702260802009,832,0.11800
XLMUSDT,SELL,LIMIT,1702260803035,39272,0.11772
XLMUSDT,SELL,LIMIT,1702260804355,464,0.11762
XLMUSDT,SELL,LIMIT,1702260805497,838,0.11774
XLMUSDT,SELL,LIMIT,1702260806562,927,0.11767
XLMUSDT,SELL,LIMIT,1702260807588,840,0.11756
XLMUSDT,SELL,LIMIT,1702260809649,9367,0.11761
XLMUSDT,SELL,LIMIT,1702260810692,5770,0.11736
XLMUSDT,SELL,LIMIT,1702260811766,91,0.11755
XLMUSDT,SELL,LIMIT,1702260813010,507,0.11738
XLMUSDT,SELL,LIMIT,1702260814254,8036,0.11736
XLMUSDT,SELL,LIMIT,1702260815511,75738,0.11736
XLMUSDT,SELL,LIMIT,1702260817085,3391,0.11733
XLMUSDT,SELL,LIMIT,1702260818107,348,0.11740
XLMUSDT,SELL,LIMIT,1702260819249,7510,0.11723
XLMUSDT,SELL,LIMIT,1702260820947,209,0.11723
XLMUSDT,SELL,LIMIT,1702260822156,66891,0.11652
XLMUSDT,SELL,LIMIT,1702260823246,9480,0.11620
XLMUSDT,SELL,LIMIT,1702260824686,1723,0.11603
XLMUSDT,SELL,LIMIT,1702260826109,4000,0.11564
XLMUSDT,SELL,LIMIT,1702260827126,2176,0.11580
XLMUSDT,BUY,LIMIT,1702260839876,253,0.12036
XLMUSDT,BUY,LIMIT,1702260844551,8145,0.12156
XLMUSDT,BUY,LIMIT,1702260874336,300,0.12348
XLMUSDT,SELL,LIMIT,1702261600564,1781,0.12186
XLMUSDT,SELL,LIMIT,1702261605391,32895,0.12175
XLMUSDT,SELL,LIMIT,1702262353213,487,0.12219
XLMUSDT,SELL,LIMIT,1702262545159,439,0.12206
XLMUSDT,SELL,LIMIT,1702262628316,120,0.12136
XLMUSDT,BUY,LIMIT,1702262739034,1553,0.12605
XLMUSDT,BUY,LIMIT,1702262740449,80840,0.12614
XLMUSDT,BUY,LIMIT,1702263963350,372,0.12627
XLMUSDT,BUY,LIMIT,1702263968319,118,0.12630
XLMUSDT,BUY,LIMIT,1702264034271,41,0.12663
XLMUSDT,BUY,LIMIT,1702264099819,71,0.12687
XLMUSDT,SELL,LIMIT,1702265724235,74,0.12474
XLMUSDT,BUY,LIMIT,1702266136782,8840,0.12911
XLMUSDT,BUY,LIMIT,1702266552601,41,0.12883
XLMUSDT,SELL,LIMIT,1702266589897,15924,0.12486
XLMUSDT,SELL,LIMIT,1702268275711,907,0.12502
