Symbol,Side,Order Type,Time,Quantity,Price
XLMUSDT,SELL,LIMIT,1701068122811,143542,0.11524
XLMUSDT,SELL,LIMIT,1701068150961,44,0.11614
XLMUSDT,SELL,LIMIT,1701069551866,7107,0.11549
XLMUSDT,SELL,LIMIT,1701069635290,166,0.11541
XLMUSDT,SELL,LIMIT,1701069838068,3266,0.11532
XLMUSDT,SELL,LIMIT,1701069861071,3311,0.11527
XLMUSDT,SELL,LIMIT,1701069869660,168,0.11553
XLMUSDT,SELL,LIMIT,1701069884039,1383,0.11507
XLMUSDT,SELL,LIMIT,1701069885323,197,0.11506
XLMUSDT,SELL,LIMIT,1701069888039,810,0.11499
XLMUSDT,SELL,LIMIT,1701069910072,5102,0.11493
XLMUSDT,SELL,LIMIT,1701069911255,1026,0.11491
XLMUSDT,SELL,LIMIT,1701069974059,1697,0.11489
XLMUSDT,SELL,LIMIT,1701070064630,3199,0.11477
XLMUSDT,SELL,LIMIT,1701070112633,158,0.11472
XLMUSDT,SELL,LIMIT,1701070113847,32810,0.11469
XLMUSDT,SELL,LIMIT,1701070158436,6834,0.11465
XLMUSDT,SELL,LIMIT,1701070159457,2113,0.11470
XLMUSDT,SELL,LIMIT,1701070440140,249,0.11453
XLMUSDT,SELL,LIMIT,1701074348206,18852,0.11541
XLMUSDT,SELL,LIMIT,1701074951432,2132,0.11491
XLMUSDT,BUY,LIMIT,1701077399082,5750,0.11880
XLMUSDT,SELL,LIMIT,1701081329805,818,0.11449
XLMUSDT,SELL,LIMIT,1701081434767,5957,0.11454
XLMUSDT,SELL,LIMIT,1701081452296,387,0.11447
XLMUSDT,SELL,LIMIT,1701081488037,8244,0.11443
XLMUSDT,SELL,LIMIT,1701081496092,8559,0.11459
XLMUSDT,SELL,LIMIT,1701082666105,13078,0.11432
XLMUSDT,SELL,LIMIT,1701082669190,62,0.11431
XLMUSDT,SELL,LIMIT,1701082673354,43997,0.11424
XLMUSDT,SELL,LIMIT,1701082675389,1372,0.11422
XLMUSDT,SELL,LIMIT,1701082696475,6001,0.11416
XLMUSDT,SELL,LIMIT,1701084931142,368,0.11406
XLMUSDT,SELL,LIMIT,1701093126847,232,0.11401
XLMUSDT,BUY,LIMIT,1701093587805,14925,0.11811
XLMUSDT,SELL,LIMIT,1701095553023,500,0.11398
XLMUSDT,SELL,LIMIT,1701095555149,218,0.11437
XLMUSDT,SELL,LIMIT,1701095612371,3143,0.11383
XLMUSDT,SELL,LIMIT,1701096704204,4235,0.11380
XLMUSDT,SELL,LIMIT,1701096783715,407,0.11372
XLMUSDT,SELL,LIMIT,1701096796146,858,0.11372
XLMUSDT,SELL,LIMIT,1701097009775,2138,0.11361
XLMUSDT,SELL,LIMIT,1701097092413,507,0.11353
XLMUSDT,SELL,LIMIT,1701097099338,222752,0.11277
XLMUSDT,SELL,LIMIT,1701097209798,160,0.11346
XLMUSDT,SELL,LIMIT,1701100216411,215,0.11365
XLMUSDT,SELL,LIMIT,1701100513231,44,0.11372
XLMUSDT,SELL,LIMIT,1701100641047,1876,0.11331
XLMUSDT,SELL,LIMIT,1701101074322,2013,0.11360
XLMUSDT,BUY,LIMIT,1701103487200,8547,0.11782
XLMUSDT,BUY,LIMIT,1701103546184,1720,0.11793
XLMUSDT,SELL,LIMIT,1701107053643,325,0.11420
XLMUSDT,SELL,LIMIT,1701107781136,21544,0.11390
XLMUSDT,SELL,LIMIT,1701111191838,588,0.11385
XLMUSDT,SELL,LIMIT,1701112179405,10082,0.11358
XLMUSDT,SELL,LIMIT,1701114162465,50,0.11347
XLMUSDT,SELL,LIMIT,1701114206529,1156,0.11341
XLMUSDT,SELL,LIMIT,1701114217023,22614,0.11336
XLMUSDT,SELL,LIMIT,1701114236446,34421,0.11321
XLMUSDT,SELL,LIMIT,1701114238319,212,0.11317
XLMUSDT,SELL,LIMIT,1701114277410,854,0.11315
XLMUSDT,SELL,LIMIT,1701114335833,422,0.11314
XLMUSDT,SELL,LIMIT,1701114355055,3256,0.11348
XLMUSDT,SELL,LIMIT,1701114356931,862,0.11319
XLMUSDT,SELL,LIMIT,1701114477037,1639,0.11303
XLMUSDT,SELL,LIMIT,1701114491154,6005,0.11307
XLMUSDT,SELL,LIMIT,1701114493134,5641,0.11295
XLMUSDT,SELL,LIMIT,1701114494297,4674,0.11290
XLMUSDT,SELL,LIMIT,1701114501146,12500,0.11290
XLMUSDT,BUY,LIMIT,1701136448134,3223,0.11890
XLMUSDT,SELL,LIMIT,1701145950727,1728,0.11519
XLMUSDT,SELL,LIMIT,1701146064895,2376,0.11466
XLMUSDT,SELL,LIMIT,1701146466486,424,0.11457
XLMUSDT,SELL,LIMIT,1701147824872,4580,0.11403
XLMUSDT,SELL,LIMIT,1701147879202,329,0.11394
XLMUSDT,SELL,LIMIT,1701147918091,44,0.11384
XLMUSDT,SELL,LIMIT,1701147943479,10135,0.11381
XLMUSDT,SELL,LIMIT,1701148131186,11954,0.11362
XLMUSDT,SELL,LIMIT,1701148133553,1339,0.11382
XLMUSDT,SELL,LIMIT,1701149845047,1400,0.11329
XLMUSDT,SELL,LIMIT,1701149846525,2566,0.11329
XLMUSDT,SELL,LIMIT,1701149887302,50833,0.11329
XLMUSDT,SELL,LIMIT,1701149889380,3061,0.11324
XLMUSDT,BUY,LIMIT,1701152361043,249,0.11766
XLMUSDT,SELL,LIMIT,1701156370047,68,0.11403
XLMUSDT,SELL,LIMIT,1701156447047,3351,0.11397
XLMUSDT,SELL,LIMIT,1701157917519,118,0.11415
XLMUSDT,BUY,LIMIT,1701158020639,1009,0.11770
XLMUSDT,BUY,LIMIT,1701158050291,2400,0.11780
XLMUSDT,SELL,LIMIT,1701164031927,672,0.11442
XLMUSDT,SELL,LIMIT,1701185917247,114,0.11516
XLMUSDT,SELL,LIMIT,1701187271990,126,0.11729
XLMUSDT,BUY,LIMIT,1701187582571,154,0.11943
XLMUSDT,BUY,LIMIT,1701187796872,6485,0.11950
XLMUSDT,SELL,LIMIT,1701189073113,2109,0.11565
XLMUSDT,SELL,LIMIT,1701192014960,960,0.11637
XLMUSDT,SELL,LIMIT,1701192087290,42,0.11683
XLMUSDT,BUY,LIMIT,1701192161091,176,0.12031
XLMUSDT,BUY,LIMIT,1701197853626,15472,0.07867
XLMUSDT,SELL,LIMIT,1701197860370,4095,0.11646
XLMUSDT,BUY,LIMIT,1701205204184,11678,0.12053
XLMUSDT,SELL,LIMIT,1701211913138,447,0.11628
XLMUSDT,BUY,LIMIT,1701218048081,43,0.12045
XLMUSDT,SELL,LIMIT,1701236283786,1788,0.11638
XLMUSDT,SELL,LIMIT,1701236705267,4092,0.11633
XLMUSDT,SELL,LIMIT,1701239284115,937,0.11802
XLMUSDT,BUY,LIMIT,1701240224055,1420,0.12075
XLMUSDT,BUY,LIMIT,1701243890952,427,0.12064
XLMUSDT,BUY,LIMIT,1701248377707,115,0.12126
XLMUSDT,BUY,LIMIT,1701248659549,2922,0.12122
XLMUSDT,BUY,LIMIT,1701248932144,2163,0.12135
XLMUSDT,BUY,LIMIT,1701249065174,857,0.12141
XLMUSDT,SELL,LIMIT,1701254412578,1884,0.11697
XLMUSDT,SELL,LIMIT,1701254705473,684,0.11686
XLMUSDT,SELL,LIMIT,1701259180580,8600,0.11756
XLMUSDT,BUY,LIMIT,1701266271333,213,0.12191
XLMUSDT,SELL,LIMIT,1701268416599,196,0.11740
XLMUSDT,SELL,LIMIT,1701269716244,210,0.11707
XLMUSDT,SELL,LIMIT,1701270337248,209,0.11703
XLMUSDT,SELL,LIMIT,1701270406130,32883,0.11698
XLMUSDT,SELL,LIMIT,1701270421275,4124,0.11692
XLMUSDT,SELL,LIMIT,1701270440470,3252,0.11683
XLMUSDT,SELL,LIMIT,1701270551250,419,0.11676
XLMUSDT,SELL,LIMIT,1701270557334,403,0.11675
XLMUSDT,SELL,LIMIT,1701270570410,70,0.11671
XLMUSDT,SELL,LIMIT,1701270575707,14178,0.11660
XLMUSDT,SELL,LIMIT,1701270614761,1689,0.11661
XLMUSDT,SELL,LIMIT,1701270763710,163,0.11638
XLMUSDT,SELL,LIMIT,1701275974898,97,0.11645
XLMUSDT,SELL,LIMIT,1701275976515,420,0.11645
XLMUSDT,BUY,LIMIT,1701283835290,2162,0.12108
XLMUSDT,BUY,LIMIT,1701283846412,176,0.12112
XLMUSDT,BUY,LIMIT,1701284960139,246,0.12107
XLMUSDT,SELL,LIMIT,1701288287798,214,0.11741
XLMUSDT,SELL,LIMIT,1701290124493,139,0.11688
XLMUSDT,SELL,LIMIT,1701290191657,3059,0.11672
XLMUSDT,BUY,LIMIT,1701305192263,81,0.12094
XLMUSDT,BUY,LIMIT,1701305193415,26570,0.12096
XLMUSDT,BUY,LIMIT,1701305230931,681,0.12100
XLMUSDT,SELL,LIMIT,1701332338135,3487,0.11692
XLMUSDT,SELL,LIMIT,1701333362895,601,0.11672
XLMUSDT,SELL,LIMIT,1701333366531,70,0.11653
XLMUSDT,SELL,LIMIT,1701333727678,545,0.11648
XLMUSDT,BUY,LIMIT,1701343070750,195,0.12111
XLMUSDT,BUY,LIMIT,1701345987312,515,0.12145
XLMUSDT,SELL,LIMIT,1701352243138,1253,0.11727
XLMUSDT,SELL,LIMIT,1701352523284,2314,0.11709
XLMUSDT,SELL,LIMIT,1701352941227,4289,0.11692
XLMUSDT,SELL,LIMIT,1701353002436,10000,0.11685
XLMUSDT,SELL,LIMIT,1701353011218,2880,0.11679
XLMUSDT,SELL,LIMIT,1701358940383,80899,0.11788
XLMUSDT,SELL,LIMIT,1701359687916,10601,0.11708
XLMUSDT,SELL,LIMIT,1701364326846,1003,0.11674
XLMUSDT,SELL,LIMIT,1701364832219,119,0.11668
XLMUSDT,SELL,LIMIT,1701364876641,6426,0.11668
XLMUSDT,SELL,LIMIT,1701365054082,1287,0.11660
XLMUSDT,SELL,LIMIT,1701365506036,321,0.11648
XLMUSDT,SELL,LIMIT,1701365559989,150,0.11631
XLMUSDT,SELL,LIMIT,1701371383967,41946,0.11622
XLMUSDT,SELL,LIMIT,1701372080186,106,0.11619
XLMUSDT,SELL,LIMIT,1701376058234,1401,0.11618
XLMUSDT,BUY,LIMIT,1701393807067,47,0.12041
XLMUSDT,BUY,LIMIT,1701405515310,46,0.12117
XLMUSDT,SELL,LIMIT,1701422230136,410,0.11753
XLMUSDT,SELL,LIMIT,1701441839658,12590,0.11754
XLMUSDT,SELL,LIMIT,1701442169311,949,0.11712
XLMUSDT,SELL,LIMIT,1701442231400,4187,0.11704
XLMUSDT,SELL,LIMIT,1701443685528,82,0.11726
XLMUSDT,BUY,LIMIT,1701447562387,591,0.12138
XLMUSDT,BUY,LIMIT,1701447901774,15298,0.12149
XLMUSDT,BUY,LIMIT,1701486002604,8351,0.12147
XLMUSDT,BUY,LIMIT,1701486006425,648,0.12148
XLMUSDT,BUY,LIMIT,1701488246336,1093,0.12201
XLMUSDT,BUY,LIMIT,1701492903213,82,0.12236
XLMUSDT,BUY,LIMIT,1701492936090,38014,0.12247
XLMUSDT,BUY,LIMIT,1701492943363,636,0.12248
XLMUSDT,SELL,LIMIT,1701503977680,1261,0.11816
XLMUSDT,BUY,LIMIT,1701508542060,190,0.12220
