Symbol,Side,Order Type,Time,Quantity,Price
XMRUSDT,BUY,LIMIT,1701918007355,5.909,175.22
XMRUSDT,BUY,LIMIT,1701919532712,0.038,175.97
XMRUSDT,BUY,LIMIT,1701922262381,0.354,176.63
XMRUSDT,BUY,LIMIT,1701923251057,0.821,176.60
XMRUSDT,BUY,LIMIT,1701924268359,0.433,176.75
XMRUSDT,BUY,LIMIT,1701926962788,0.333,177.06
XMRUSDT,BUY,LIMIT,1701927206579,1.097,177.24
XMRUSDT,BUY,LIMIT,1701927621072,1.260,177.24
XMRUSDT,BUY,LIMIT,1701928032767,10.036,177.31
XMRUSDT,BUY,LIMIT,1701929832232,0.114,177.44
XMRUSDT,SELL,LIMIT,1701931041789,0.177,171.82
XMRUSDT,BUY,LIMIT,1701935096997,0.355,177.56
XMRUSDT,BUY,LIMIT,1701935151736,40.548,177.67
XMRUSDT,SELL,LIMIT,1701937392076,15.000,171.21
XMRUSDT,SELL,LIMIT,1701940724906,2.890,169.52
XMRUSDT,SELL,LIMIT,1701941051418,7.000,169.44
XMRUSDT,SELL,LIMIT,1701941082249,19.630,169.28
XMRUSDT,BUY,LIMIT,1701942376524,2.333,175.44
XMRUSDT,SELL,LIMIT,1701952556143,24.158,171.12
XMRUSDT,SELL,LIMIT,1701961431259,1.073,172.25
XMRUSDT,BUY,LIMIT,1701963021205,0.123,177.90
XMRUSDT,BUY,LIMIT,1701963537161,0.435,178.05
XMRUSDT,BUY,LIMIT,1701963582531,2.150,178.22
XMRUSDT,BUY,LIMIT,1701964257108,8.614,178.38
XMRUSDT,BUY,LIMIT,1701966850167,45.073,178.65
XMRUSDT,BUY,LIMIT,1701969470412,1.685,178.99
XMRUSDT,SELL,LIMIT,1701970946172,1.136,172.55
XMRUSDT,SELL,LIMIT,1701970995521,0.136,172.47
XMRUSDT,SELL,LIMIT,1701971376750,1.384,172.20
XMRUSDT,BUY,LIMIT,1701976134442,0.096,179.20
XMRUSDT,BUY,LIMIT,1701976402898,26.158,179.44
XMRUSDT,SELL,LIMIT,1701976803186,1.019,173.36
XMRUSDT,SELL,LIMIT,1701988458291,1.464,172.32
XMRUSDT,SELL,LIMIT,1701988468849,4.659,172.21
XMRUSDT,SELL,LIMIT,1701988536744,0.139,172.14
XMRUSDT,SELL,LIMIT,1701988928698,2.800,172.07
XMRUSDT,SELL,LIMIT,1701989425917,3.167,171.91
XMRUSDT,SELL,LIMIT,1701990565742,3.048,171.26
XMRUSDT,SELL,LIMIT,1701991036468,1.001,170.66
XMRUSDT,SELL,LIMIT,1702003268425,0.033,178.75
XMRUSDT,BUY,LIMIT,1702005575141,0.048,177.55
XMRUSDT,BUY,LIMIT,1702005634458,0.457,177.73
XMRUSDT,BUY,LIMIT,1702005704745,1.479,177.81
XMRUSDT,BUY,LIMIT,1702011110733,1.252,177.43
XMRUSDT,BUY,LIMIT,1702015829269,14.828,177.85
XMRUSDT,BUY,LIMIT,1702015946372,0.756,178.23
XMRUSDT,SELL,LIMIT,1702016876677,0.226,172.58
XMRUSDT,SELL,LIMIT,1702017870269,0.317,172.08
XMRUSDT,SELL,LIMIT,1702023884170,1.203,171.12
XMRUSDT,SELL,LIMIT,1702025717352,2.713,170.60
XMRUSDT,SELL,LIMIT,1702025798852,21.654,170.31
XMRUSDT,SELL,LIMIT,1702025863755,1.431,170.14
XMRUSDT,BUY,LIMIT,1702038481100,14.518,176.35
XMRUSDT,SELL,LIMIT,1702041116244,5.754,170.23
XMRUSDT,SELL,LIMIT,1702041128903,0.353,170.19
XMRUSDT,SELL,LIMIT,1702042235887,0.058,170.05
XMRUSDT,SELL,LIMIT,1702042238001,0.600,169.92
XMRUSDT,BUY,LIMIT,1702043343354,1.272,175.57
XMRUSDT,BUY,LIMIT,1702043717011,2.453,174.82
XMRUSDT,BUY,LIMIT,1702046358392,1.479,176.29
XMRUSDT,BUY,LIMIT,1702046402359,0.105,176.52
XMRUSDT,SELL,LIMIT,1702047621502,0.516,174.88
XMRUSDT,SELL,LIMIT,1702050871372,14.111,170.65
XMRUSDT,SELL,LIMIT,1702050879517,9.244,170.48
XMRUSDT,BUY,LIMIT,1702051257195,0.500,175.74
XMRUSDT,SELL,LIMIT,1702051527090,1.797,170.26
XMRUSDT,SELL,LIMIT,1702051667254,34.439,169.94
XMRUSDT,SELL,LIMIT,1702051821168,6.127,169.73
XMRUSDT,SELL,LIMIT,1702051823102,0.300,169.64
XMRUSDT,SELL,LIMIT,1702051825324,1.915,169.62
XMRUSDT,BUY,LIMIT,1702052161449,0.288,175.55
XMRUSDT,BUY,LIMIT,1702053228444,36.000,175.94
XMRUSDT,BUY,LIMIT,1702061347828,0.676,175.94
XMRUSDT,BUY,LIMIT,1702064195893,0.371,175.80
XMRUSDT,BUY,LIMIT,1702067496618,2.409,176.70
XMRUSDT,BUY,LIMIT,1702067589493,1.464,176.08
XMRUSDT,SELL,LIMIT,1702069934429,0.228,171.10
XMRUSDT,BUY,LIMIT,1702070748911,0.076,177.11
XMRUSDT,BUY,LIMIT,1702070750175,7.379,177.11
XMRUSDT,BUY,LIMIT,1702072671666,0.638,177.48
XMRUSDT,BUY,LIMIT,1702078182357,15.881,177.11
XMRUSDT,BUY,LIMIT,1702081364752,1.896,177.46
XMRUSDT,BUY,LIMIT,1702081785982,0.469,177.12
XMRUSDT,BUY,LIMIT,1702082671360,0.522,177.75
XMRUSDT,BUY,LIMIT,1702082974938,0.280,178.08
XMRUSDT,BUY,LIMIT,1702083008170,9.402,178.12
XMRUSDT,BUY,LIMIT,1702091397743,0.353,178.39
XMRUSDT,BUY,LIMIT,1702091762208,5.602,178.14
XMRUSDT,BUY,LIMIT,1702091943938,0.338,178.62
XMRUSDT,BUY,LIMIT,1702091976464,0.412,178.66
XMRUSDT,BUY,LIMIT,1702092082964,0.056,178.67
XMRUSDT,BUY,LIMIT,1702095047607,3.601,178.92
XMRUSDT,BUY,LIMIT,1702096521068,0.545,178.73
XMRUSDT,BUY,LIMIT,1702100616225,0.698,178.30
XMRUSDT,BUY,LIMIT,1702101204887,3.914,178.38
XMRUSDT,BUY,LIMIT,1702102356638,0.289,178.91
XMRUSDT,BUY,LIMIT,1702104505077,0.562,178.57
XMRUSDT,SELL,LIMIT,1702104980366,0.101,174.02
XMRUSDT,SELL,LIMIT,1702105485996,0.200,173.94
XMRUSDT,BUY,LIMIT,1702105901130,0.288,178.66
XMRUSDT,BUY,LIMIT,1702106825704,1.440,179.03
XMRUSDT,BUY,LIMIT,1702107909491,4.130,179.47
XMRUSDT,BUY,LIMIT,1702109010082,0.600,179.29
XMRUSDT,BUY,LIMIT,1702109060498,0.288,179.28
XMRUSDT,BUY,LIMIT,1702109787325,0.096,179.48
XMRUSDT,BUY,LIMIT,1702109892379,0.099,179.56
XMRUSDT,BUY,LIMIT,1702110258876,5.177,179.78
XMRUSDT,BUY,LIMIT,1702110274093,0.457,179.81
XMRUSDT,SELL,LIMIT,1702110910123,0.169,173.71
XMRUSDT,BUY,LIMIT,1702111031400,0.698,178.24
XMRUSDT,SELL,LIMIT,1702111044042,0.229,173.56
XMRUSDT,SELL,LIMIT,1702111048472,0.107,172.52
XMRUSDT,SELL,LIMIT,1702111385197,56.623,171.84
XMRUSDT,SELL,LIMIT,1702111386335,5.732,172.51
XMRUSDT,SELL,LIMIT,1702111389315,0.051,171.80
XMRUSDT,SELL,LIMIT,1702117805611,0.055,172.55
XMRUSDT,SELL,LIMIT,1702133007608,6.440,172.11
XMRUSDT,SELL,LIMIT,1702133009268,8.884,172.00
XMRUSDT,SELL,LIMIT,1702141850677,0.806,172.03
XMRUSDT,SELL,LIMIT,1702148396168,0.150,174.73
XMRUSDT,SELL,LIMIT,1702162644115,11.072,173.29
XMRUSDT,SELL,LIMIT,1702164747708,0.067,172.58
XMRUSDT,SELL,LIMIT,1702164802591,1.996,172.31
XMRUSDT,SELL,LIMIT,1702164806383,0.040,172.91
XMRUSDT,SELL,LIMIT,1702164808243,0.029,171.93
XMRUSDT,SELL,LIMIT,1702164811459,11.656,172.02
XMRUSDT,BUY,LIMIT,1702175130833,2.765,179.99
XMRUSDT,BUY,LIMIT,1702175602568,1.144,180.61
XMRUSDT,BUY,LIMIT,1702176335208,157.224,181.90
XMRUSDT,BUY,LIMIT,1702176367420,2.545,180.82
XMRUSDT,BUY,LIMIT,1702181170481,0.040,180.91
XMRUSDT,BUY,LIMIT,1702181200457,0.040,181.05
XMRUSDT,BUY,LIMIT,1702183001637,0.817,181.16
XMRUSDT,BUY,LIMIT,1702183007021,0.927,181.30
XMRUSDT,SELL,LIMIT,1702192859472,1.611,174.56
XMRUSDT,SELL,LIMIT,1702200801824,0.087,173.33
XMRUSDT,SELL,LIMIT,1702200918180,0.349,173.11
XMRUSDT,SELL,LIMIT,1702200941537,15.178,172.86
XMRUSDT,SELL,LIMIT,1702201342523,18.990,172.71
XMRUSDT,SELL,LIMIT,1702201470361,30.334,172.57
XMRUSDT,SELL,LIMIT,1702202080138,2.665,172.78
XMRUSDT,SELL,LIMIT,1702202261482,1.225,173.07
XMRUSDT,SELL,LIMIT,1702202267739,0.284,172.59
XMRUSDT,SELL,LIMIT,1702202290269,0.487,172.60
XMRUSDT,SELL,LIMIT,1702202298159,2.032,172.47
XMRUSDT,SELL,LIMIT,1702202318198,10.233,172.46
XMRUSDT,SELL,LIMIT,1702202323300,1.535,172.39
XMRUSDT,SELL,LIMIT,1702202325353,1.023,172.40
XMRUSDT,SELL,LIMIT,1702202379361,3.854,172.22
XMRUSDT,SELL,LIMIT,1702202380362,0.913,172.16
XMRUSDT,SELL,LIMIT,1702202382162,5.116,172.14
XMRUSDT,SELL,LIMIT,1702202387136,1.023,172.16
XMRUSDT,BUY,LIMIT,1702206242137,0.034,179.48
XMRUSDT,BUY,LIMIT,1702211811743,0.033,180.24
XMRUSDT,SELL,LIMIT,1702217900628,0.507,173.61
XMRUSDT,SELL,LIMIT,1702218714215,0.046,173.33
XMRUSDT,SELL,LIMIT,1702218717402,0.038,173.29
XMRUSDT,BUY,LIMIT,1702232903365,0.598,179.36
XMRUSDT,BUY,LIMIT,1702240613461,1.000,179.07
XMRUSDT,BUY,LIMIT,1702241346357,0.368,179.39
XMRUSDT,BUY,LIMIT,1702241384022,0.143,179.73
XMRUSDT,SELL,LIMIT,1702256921752,1.417,171.82
XMRUSDT,SELL,LIMIT,1702256955275,15.000,171.71
XMRUSDT,SELL,LIMIT,1702256980960,0.044,172.35
XMRUSDT,SELL,LIMIT,1702256994398,21.096,171.33
XMRUSDT,SELL,LIMIT,1702260286906,4.315,171.33
XMRUSDT,SELL,LIMIT,1702260430134,1.708,170.90
XMRUSDT,SELL,LIMIT,1702260434515,9.769,170.57
XMRUSDT,SELL,LIMIT,1702260437521,56.664,170.48
XMRUSDT,SELL,LIMIT,1702260439246,0.057,170.41
XMRUSDT,SELL,LIMIT,1702260440638,0.674,170.29
XMRUSDT,SELL,LIMIT,1702260444199,7.683,170.23
XMRUSDT,SELL,LIMIT,1702260628733,1.016,170.41
XMRUSDT,SELL,LIMIT,1702260635262,47.456,170.21
XMRUSDT,SELL,LIMIT,1702260639383,0.244,169.95
XMRUSDT,SELL,LIMIT,1702260695150,3.641,169.73
XMRUSDT,SELL,LIMIT,1702260698521,27.254,169.65
XMRUSDT,SELL,LIMIT,1702260700171,3.806,169.63
XMRUSDT,SELL,LIMIT,1702260707509,3.530,169.45
XMRUSDT,SELL,LIMIT,1702260708723,3.950,169.65
XMRUSDT,SELL,LIMIT,1702260710289,0.034,169.31
XMRUSDT,SELL,LIMIT,1702260711571,0.564,169.27
XMRUSDT,SELL,LIMIT,1702260712622,0.128,169.22
XMRUSDT,SELL,LIMIT,1702260714308,0.132,168.98
XMRUSDT,SELL,LIMIT,1702260715438,4.162,169.81
XMRUSDT,SELL,LIMIT,1702260716805,0.042,168.96
XMRUSDT,SELL,LIMIT,1702260717837,9.641,168.89
XMRUSDT,SELL,LIMIT,1702260718983,9.513,168.73
XMRUSDT,SELL,LIMIT,1702260720104,58.117,168.60
XMRUSDT,SELL,LIMIT,1702260722271,0.998,168.49
XMRUSDT,SELL,LIMIT,1702260724658,0.698,168.46
XMRUSDT,SELL,LIMIT,1702260725704,29.069,171.39
XMRUSDT,SELL,LIMIT,1702260727983,0.500,168.36
XMRUSDT,SELL,LIMIT,1702260730621,17.500,168.38
XMRUSDT,SELL,LIMIT,1702260731937,6.147,168.38
XMRUSDT,SELL,LIMIT,1702260733147,8.405,168.24
XMRUSDT,SELL,LIMIT,1702260736431,14.283,168.18
XMRUSDT,SELL,LIMIT,1702260737540,1.415,168.15
XMRUSDT,SELL,LIMIT,1702260738566,0.236,168.02
XMRUSDT,SELL,LIMIT,1702260740645,8.993,167.73
XMRUSDT,SELL,LIMIT,1702260742589,1.187,167.67
XMRUSDT,SELL,LIMIT,1702260744646,2.000,168.35
XMRUSDT,SELL,LIMIT,1702260745788,0.269,167.90
XMRUSDT,SELL,LIMIT,1702260746888,0.644,169.30
XMRUSDT,SELL,LIMIT,1702260748407,0.709,168.12
XMRUSDT,SELL,LIMIT,1702260749444,1.135,168.10
XMRUSDT,SELL,LIMIT,1702260753551,2.823,168.00
XMRUSDT,SELL,LIMIT,1702260755516,1.409,167.90
XMRUSDT,SELL,LIMIT,1702260756544,3.418,167.78
XMRUSDT,SELL,LIMIT,1702260757679,2.032,167.60
XMRUSDT,SELL,LIMIT,1702260758753,1.033,167.56
XMRUSDT,SELL,LIMIT,1702260759793,28.081,167.53
XMRUSDT,SELL,LIMIT,1702260760853,0.944,167.20
XMRUSDT,SELL,LIMIT,1702260761919,1.172,167.08
XMRUSDT,SELL,LIMIT,1702260762931,12.651,166.69
XMRUSDT,SELL,LIMIT,1702260764010,1.262,166.38
XMRUSDT,SELL,LIMIT,1702260765019,7.535,166.22
XMRUSDT,SELL,LIMIT,1702260766673,0.168,172.59
XMRUSDT,SELL,LIMIT,1702260767775,0.283,165.57
XMRUSDT,SELL,LIMIT,1702260769229,1.325,165.55
XMRUSDT,SELL,LIMIT,1702260770251,2.757,165.30
XMRUSDT,SELL,LIMIT,1702260771562,0.653,164.46
XMRUSDT,SELL,LIMIT,1702260772636,0.112,164.21
XMRUSDT,SELL,LIMIT,1702260773670,0.560,164.21
XMRUSDT,SELL,LIMIT,1702260774719,15.657,164.05
XMRUSDT,SELL,LIMIT,1702260775842,2.000,167.17
XMRUSDT,SELL,LIMIT,1702260776918,0.010,163.96
XMRUSDT,SELL,LIMIT,1702260778080,0.060,163.83
XMRUSDT,SELL,LIMIT,1702260779212,0.029,163.45
XMRUSDT,SELL,LIMIT,1702260780379,0.442,163.16
XMRUSDT,BUY,LIMIT,1702260781393,0.234,167.75
XMRUSDT,BUY,LIMIT,1702260782541,0.250,167.97
XMRUSDT,SELL,LIMIT,1702260783567,0.282,162.60
XMRUSDT,SELL,LIMIT,1702260784675,1.000,162.56
XMRUSDT,SELL,LIMIT,1702260786352,2.893,164.94
XMRUSDT,SELL,LIMIT,1702260787441,0.216,162.21
XMRUSDT,SELL,LIMIT,1702260788550,5.429,161.90
XMRUSDT,SELL,LIMIT,1702260789676,19.814,161.87
XMRUSDT,SELL,LIMIT,1702260790820,0.286,161.86
XMRUSDT,SELL,LIMIT,1702260791836,4.778,161.11
XMRUSDT,SELL,LIMIT,1702260793247,5.698,161.12
XMRUSDT,SELL,LIMIT,1702260794555,0.756,160.88
XMRUSDT,SELL,LIMIT,1702260796378,0.306,160.74
XMRUSDT,SELL,LIMIT,1702260797489,0.565,160.66
XMRUSDT,SELL,LIMIT,1702260798551,0.087,160.66
XMRUSDT,SELL,LIMIT,1702260799845,4.000,160.57
XMRUSDT,SELL,LIMIT,1702260801120,14.485,160.50
XMRUSDT,SELL,LIMIT,1702260802215,4.154,160.62
XMRUSDT,SELL,LIMIT,1702260803534,255.106,159.36
XMRUSDT,SELL,LIMIT,1702260805119,1.344,160.60
XMRUSDT,SELL,LIMIT,1702260806419,3.817,160.70
XMRUSDT,SELL,LIMIT,1702260807815,0.557,160.36
XMRUSDT,SELL,LIMIT,1702260811144,0.059,160.39
XMRUSDT,SELL,LIMIT,1702260813780,14.125,160.24
XMRUSDT,SELL,LIMIT,1702260815061,0.982,160.21
XMRUSDT,SELL,LIMIT,1702260816241,11.761,160.26
XMRUSDT,SELL,LIMIT,1702260817630,21.070,160.08
XMRUSDT,SELL,LIMIT,1702260818711,0.010,159.85
XMRUSDT,SELL,LIMIT,1702260820472,30.670,159.67
XMRUSDT,SELL,LIMIT,1702260821987,11.106,159.64
XMRUSDT,SELL,LIMIT,1702260834489,0.578,160.44
XMRUSDT,BUY,LIMIT,1702260842860,0.037,166.18
XMRUSDT,BUY,LIMIT,1702260874336,0.600,166.93
XMRUSDT,SELL,LIMIT,1702262567524,1.045,164.42
XMRUSDT,SELL,LIMIT,1702264056399,0.054,164.83
XMRUSDT,BUY,LIMIT,1702267493394,0.031,171.70
