Symbol,Side,Order Type,Time,Quantity,Price
XRPUSDT,SELL,LIMIT,1701915454144,29.0,0.6310
XRPUSDT,SELL,LIMIT,1701916828788,142.9,0.6297
XRPUSDT,SELL,LIMIT,1701917574168,2471.6,0.6297
XRPUSDT,SELL,LIMIT,1701918506084,21.4,0.6283
XRPUSDT,SELL,LIMIT,1701918521191,781.2,0.6286
XRPUSDT,SELL,LIMIT,1701918563552,311.5,0.6280
XRPUSDT,SELL,LIMIT,1701918795674,14.2,0.6284
XRPUSDT,SELL,LIMIT,1701919079750,180.4,0.6278
XRPUSDT,SELL,LIMIT,1701919091071,11.6,0.6276
XRPUSDT,SELL,LIMIT,1701919092294,570.9,0.6275
XRPUSDT,SELL,LIMIT,1701919096446,55.6,0.6273
XRPUSDT,BUY,LIMIT,1701923296290,1523.3,0.6400
XRPUSDT,BUY,LIMIT,1701923453076,34.7,0.6394
XRPUSDT,BUY,LIMIT,1701923633205,710.7,0.6412
XRPUSDT,BUY,LIMIT,1701923763247,10.0,0.6417
XRPUSDT,BUY,LIMIT,1701923793732,63.2,0.6419
XRPUSDT,BUY,LIMIT,1701923818825,135.1,0.6423
XRPUSDT,BUY,LIMIT,1701923838496,840.2,0.6430
XRPUSDT,BUY,LIMIT,1701923840879,679.6,0.6432
XRPUSDT,BUY,LIMIT,1701923887192,15665.8,0.6439
XRPUSDT,BUY,LIMIT,1701923937055,32.8,0.6435
XRPUSDT,BUY,LIMIT,1701923975431,236.2,0.6440
XRPUSDT,BUY,LIMIT,1701923984727,11.7,0.6445
XRPUSDT,BUY,LIMIT,1701924041253,58.6,0.6452
XRPUSDT,BUY,LIMIT,1701924047569,3989.2,0.6453
XRPUSDT,BUY,LIMIT,1701924058840,477.8,0.6455
XRPUSDT,BUY,LIMIT,1701924069230,1873.8,0.6459
XRPUSDT,BUY,LIMIT,1701924072269,1310.9,0.6464
XRPUSDT,BUY,LIMIT,1701924210939,2121.5,0.6469
XRPUSDT,BUY,LIMIT,1701924237281,1169.0,0.6473
XRPUSDT,BUY,LIMIT,1701924238351,7682.5,0.6473
XRPUSDT,BUY,LIMIT,1701924270320,7031.3,0.6474
XRPUSDT,BUY,LIMIT,1701924272676,140.7,0.6475
XRPUSDT,BUY,LIMIT,1701924279012,953.9,0.6476
XRPUSDT,BUY,LIMIT,1701924281437,35.1,0.6479
XRPUSDT,BUY,LIMIT,1701924282951,1719.8,0.6481
XRPUSDT,BUY,LIMIT,1701924284233,16648.3,0.6489
XRPUSDT,BUY,LIMIT,1701924285905,27.7,0.6487
XRPUSDT,BUY,LIMIT,1701924287631,199.3,0.6486
XRPUSDT,BUY,LIMIT,1701924289076,54.5,0.6489
XRPUSDT,BUY,LIMIT,1701924294567,8.5,0.6488
XRPUSDT,BUY,LIMIT,1701924296161,447.1,0.6489
XRPUSDT,BUY,LIMIT,1701924297474,251.0,0.6490
XRPUSDT,BUY,LIMIT,1701924299110,1547.6,0.6492
XRPUSDT,BUY,LIMIT,1701924304464,9.3,0.6492
XRPUSDT,BUY,LIMIT,1701924306863,33.0,0.6461
XRPUSDT,BUY,LIMIT,1701924308620,330.2,0.6493
XRPUSDT,BUY,LIMIT,1701924314540,714.1,0.6494
XRPUSDT,BUY,LIMIT,1701924315576,42269.6,0.6516
XRPUSDT,BUY,LIMIT,1701924317207,1580.2,0.6497
XRPUSDT,BUY,LIMIT,1701924318695,109.9,0.6500
XRPUSDT,BUY,LIMIT,1701924329149,7913.2,0.6500
XRPUSDT,BUY,LIMIT,1701924330158,843.6,0.6500
XRPUSDT,BUY,LIMIT,1701924345847,1530.0,0.6502
XRPUSDT,BUY,LIMIT,1701924347392,14.6,0.6503
XRPUSDT,BUY,LIMIT,1701924349302,31.4,0.6506
XRPUSDT,BUY,LIMIT,1701924350391,14256.9,0.6510
XRPUSDT,BUY,LIMIT,1701924357849,44.0,0.6508
XRPUSDT,BUY,LIMIT,1701924359617,282.0,0.6509
XRPUSDT,SELL,LIMIT,1701925305849,104.5,0.6396
XRPUSDT,BUY,LIMIT,1701925988825,83.7,0.6477
XRPUSDT,BUY,LIMIT,1701926116659,316.3,0.6491
XRPUSDT,BUY,LIMIT,1701926139868,77.8,0.6506
XRPUSDT,BUY,LIMIT,1701926142973,64.5,0.6509
XRPUSDT,BUY,LIMIT,1701926145407,322.7,0.6512
XRPUSDT,BUY,LIMIT,1701926147157,3668.3,0.6514
XRPUSDT,BUY,LIMIT,1701926148186,2129.4,0.6515
XRPUSDT,BUY,LIMIT,1701926149289,436.7,0.6518
XRPUSDT,BUY,LIMIT,1701926152268,24.2,0.6519
XRPUSDT,BUY,LIMIT,1701926162647,757.0,0.6521
XRPUSDT,BUY,LIMIT,1701926243361,290.8,0.6524
XRPUSDT,BUY,LIMIT,1701926245292,1213.9,0.6525
XRPUSDT,BUY,LIMIT,1701926246314,30246.7,0.6543
XRPUSDT,BUY,LIMIT,1701927173386,7500.0,0.6529
XRPUSDT,BUY,LIMIT,1701927199670,40.6,0.6529
XRPUSDT,BUY,LIMIT,1701927200835,5817.5,0.6529
XRPUSDT,BUY,LIMIT,1701927203903,451.2,0.6530
XRPUSDT,SELL,LIMIT,1701927621071,1600.8,0.6461
XRPUSDT,SELL,LIMIT,1701927804309,16.0,0.6462
XRPUSDT,BUY,LIMIT,1701927819162,208.8,0.6530
XRPUSDT,BUY,LIMIT,1701927823379,132.9,0.6530
XRPUSDT,BUY,LIMIT,1701927831235,8.7,0.6532
XRPUSDT,BUY,LIMIT,1701927833472,33.9,0.6533
XRPUSDT,BUY,LIMIT,1701927842294,8.6,0.6533
XRPUSDT,BUY,LIMIT,1701927900219,60.0,0.6534
XRPUSDT,BUY,LIMIT,1701927916158,261.6,0.6537
XRPUSDT,BUY,LIMIT,1701927921011,1235.0,0.6537
XRPUSDT,BUY,LIMIT,1701928035364,26.4,0.6539
XRPUSDT,BUY,LIMIT,1701928036450,343.4,0.6542
XRPUSDT,BUY,LIMIT,1701928037782,148.0,0.6543
XRPUSDT,BUY,LIMIT,1701928045536,593.7,0.6545
XRPUSDT,BUY,LIMIT,1701928050822,3580.8,0.6546
XRPUSDT,BUY,LIMIT,1701928053934,21.5,0.6548
XRPUSDT,BUY,LIMIT,1701928054956,156.6,0.6548
XRPUSDT,BUY,LIMIT,1701928083600,17.8,0.6549
XRPUSDT,BUY,LIMIT,1701928110235,0.3,0.6550
XRPUSDT,BUY,LIMIT,1701928112640,1816.3,0.6550
XRPUSDT,SELL,LIMIT,1701928394072,43.0,0.6462
XRPUSDT,BUY,LIMIT,1701928493160,12.1,0.6551
XRPUSDT,BUY,LIMIT,1701928494288,32.0,0.6551
XRPUSDT,BUY,LIMIT,1701928496047,1515.5,0.6553
XRPUSDT,BUY,LIMIT,1701928499287,500.0,0.6556
XRPUSDT,BUY,LIMIT,1701928503162,394.4,0.6557
XRPUSDT,BUY,LIMIT,1701928504215,1924.2,0.6557
XRPUSDT,BUY,LIMIT,1701928548155,78.3,0.6557
XRPUSDT,BUY,LIMIT,1701928549246,128.2,0.6558
XRPUSDT,BUY,LIMIT,1701928936902,2262.2,0.6559
XRPUSDT,BUY,LIMIT,1701928938297,30.8,0.6559
XRPUSDT,BUY,LIMIT,1701928943457,64.2,0.6559
XRPUSDT,BUY,LIMIT,1701928952218,3389.5,0.6563
XRPUSDT,BUY,LIMIT,1701928973848,479.0,0.6563
XRPUSDT,BUY,LIMIT,1701929032105,4425.2,0.6565
XRPUSDT,BUY,LIMIT,1701929046152,8.6,0.6567
XRPUSDT,BUY,LIMIT,1701929047213,500.0,0.6568
XRPUSDT,BUY,LIMIT,1701929048214,632.2,0.6570
XRPUSDT,BUY,LIMIT,1701929049433,685.5,0.6572
XRPUSDT,BUY,LIMIT,1701929079461,3384.0,0.6573
XRPUSDT,BUY,LIMIT,1701929081704,1633.9,0.6575
XRPUSDT,BUY,LIMIT,1701929083825,2493.8,0.6575
XRPUSDT,BUY,LIMIT,1701929086197,94.0,0.6575
XRPUSDT,BUY,LIMIT,1701929088100,50.3,0.6576
XRPUSDT,BUY,LIMIT,1701929090141,1488.7,0.6576
XRPUSDT,BUY,LIMIT,1701929097287,47.2,0.6579
XRPUSDT,BUY,LIMIT,1701929101058,258.4,0.6580
XRPUSDT,BUY,LIMIT,1701929875138,83.7,0.6536
XRPUSDT,SELL,LIMIT,1701929935340,1121.5,0.6461
XRPUSDT,SELL,LIMIT,1701929947108,734.9,0.6486
XRPUSDT,SELL,LIMIT,1701929975280,78.3,0.6456
XRPUSDT,SELL,LIMIT,1701929983257,106.9,0.6455
XRPUSDT,SELL,LIMIT,1701930024358,74.2,0.6450
XRPUSDT,SELL,LIMIT,1701930038551,7.9,0.6447
XRPUSDT,SELL,LIMIT,1701930043155,4733.5,0.6444
XRPUSDT,SELL,LIMIT,1701930176349,1780.0,0.6438
XRPUSDT,SELL,LIMIT,1701930178608,29.5,0.6438
XRPUSDT,SELL,LIMIT,1701930296921,114.5,0.6431
XRPUSDT,SELL,LIMIT,1701930300366,1813.8,0.6430
XRPUSDT,SELL,LIMIT,1701930301448,12.7,0.6427
XRPUSDT,BUY,LIMIT,1701930786176,763.6,0.6513
XRPUSDT,SELL,LIMIT,1701931548203,2984.6,0.6435
XRPUSDT,SELL,LIMIT,1701931573061,22.2,0.6832
XRPUSDT,SELL,LIMIT,1701931585284,1143.8,0.6423
XRPUSDT,SELL,LIMIT,1701931637609,8.5,0.6419
XRPUSDT,SELL,LIMIT,1701931639692,437.6,0.6418
XRPUSDT,SELL,LIMIT,1701931641495,280.7,0.6416
XRPUSDT,SELL,LIMIT,1701931649136,29.3,0.6415
XRPUSDT,SELL,LIMIT,1701931650443,24.3,0.6415
XRPUSDT,SELL,LIMIT,1701931651659,1860.8,0.6413
XRPUSDT,SELL,LIMIT,1701931833925,6706.8,0.6424
XRPUSDT,SELL,LIMIT,1701931932904,569.1,0.6418
XRPUSDT,SELL,LIMIT,1701931947668,416.8,0.6411
XRPUSDT,SELL,LIMIT,1701932373542,46.2,0.6407
XRPUSDT,SELL,LIMIT,1701932377809,1238.5,0.6406
XRPUSDT,SELL,LIMIT,1701932388278,2337.6,0.6404
XRPUSDT,BUY,LIMIT,1701934726631,429.0,0.6528
XRPUSDT,BUY,LIMIT,1701934776034,116.3,0.6529
XRPUSDT,BUY,LIMIT,1701934876479,729.5,0.6535
XRPUSDT,SELL,LIMIT,1701936760775,3000.0,0.6430
XRPUSDT,SELL,LIMIT,1701936870068,209.7,0.6419
XRPUSDT,SELL,LIMIT,1701936872290,17.7,0.6419
XRPUSDT,SELL,LIMIT,1701936886125,11.7,0.6417
XRPUSDT,SELL,LIMIT,1701936895077,483.9,0.6416
XRPUSDT,SELL,LIMIT,1701936897122,321.6,0.6415
XRPUSDT,SELL,LIMIT,1701936902183,843.3,0.6414
XRPUSDT,SELL,LIMIT,1701936903356,8.7,0.6412
XRPUSDT,SELL,LIMIT,1701936906797,344.2,0.6412
XRPUSDT,SELL,LIMIT,1701936913484,259.4,0.6409
XRPUSDT,SELL,LIMIT,1701936915339,82.7,0.6408
XRPUSDT,SELL,LIMIT,1701936921134,3852.9,0.6406
XRPUSDT,SELL,LIMIT,1701936922508,6013.7,0.6405
XRPUSDT,SELL,LIMIT,1701936923717,469.8,0.6404
XRPUSDT,SELL,LIMIT,1701936925058,10.0,0.6403
XRPUSDT,SELL,LIMIT,1701936976493,60.9,0.6401
XRPUSDT,SELL,LIMIT,1701936978358,1260.7,0.6399
XRPUSDT,SELL,LIMIT,1701936980191,6263.7,0.6397
XRPUSDT,SELL,LIMIT,1701936984210,44.6,0.6397
XRPUSDT,SELL,LIMIT,1701936987565,732.1,0.6395
XRPUSDT,SELL,LIMIT,1701936989671,292.2,0.6395
XRPUSDT,SELL,LIMIT,1701937019042,3856.8,0.6394
XRPUSDT,SELL,LIMIT,1701937020694,82.0,0.6393
XRPUSDT,SELL,LIMIT,1701937270333,5156.6,0.6388
XRPUSDT,SELL,LIMIT,1701937271816,415.7,0.6387
XRPUSDT,SELL,LIMIT,1701937285840,22.5,0.6386
XRPUSDT,SELL,LIMIT,1701937286954,408.0,0.6385
XRPUSDT,SELL,LIMIT,1701937288157,581.7,0.6383
XRPUSDT,SELL,LIMIT,1701937293183,523.0,0.6380
XRPUSDT,SELL,LIMIT,1701937294207,147.9,0.6380
XRPUSDT,SELL,LIMIT,1701937315935,136.1,0.6378
XRPUSDT,SELL,LIMIT,1701937317266,2088.8,0.6378
XRPUSDT,SELL,LIMIT,1701937323834,1267.4,0.6377
XRPUSDT,SELL,LIMIT,1701937340913,172.8,0.6382
XRPUSDT,SELL,LIMIT,1701937342141,878.9,0.6391
XRPUSDT,SELL,LIMIT,1701937343411,836.9,0.6376
XRPUSDT,SELL,LIMIT,1701937344637,386.3,0.6375
XRPUSDT,SELL,LIMIT,1701937353140,4376.4,0.6373
XRPUSDT,SELL,LIMIT,1701937354579,537.1,0.6373
XRPUSDT,SELL,LIMIT,1701937369208,5118.6,0.6374
XRPUSDT,SELL,LIMIT,1701937391164,244.5,0.6369
XRPUSDT,SELL,LIMIT,1701937392217,250.8,0.6369
XRPUSDT,SELL,LIMIT,1701937393666,1070.3,0.6367
XRPUSDT,SELL,LIMIT,1701937394950,4097.9,0.6364
XRPUSDT,SELL,LIMIT,1701937395978,620.4,0.6361
XRPUSDT,SELL,LIMIT,1701937813113,1000.0,0.6365
XRPUSDT,SELL,LIMIT,1701937819435,804.5,0.6363
XRPUSDT,SELL,LIMIT,1701937820484,3043.4,0.6364
XRPUSDT,SELL,LIMIT,1701937824802,101.2,0.6361
XRPUSDT,SELL,LIMIT,1701939357196,1200.8,0.6358
XRPUSDT,SELL,LIMIT,1701939359426,551.3,0.6357
XRPUSDT,SELL,LIMIT,1701939367236,465.9,0.6356
XRPUSDT,SELL,LIMIT,1701939368382,209.6,0.6355
XRPUSDT,SELL,LIMIT,1701939369628,3944.6,0.6354
XRPUSDT,SELL,LIMIT,1701939372890,5190.2,0.6353
XRPUSDT,SELL,LIMIT,1701939374135,110.0,0.6351
XRPUSDT,SELL,LIMIT,1701939375254,241.3,0.6350
XRPUSDT,SELL,LIMIT,1701939520481,4721.5,0.6358
XRPUSDT,SELL,LIMIT,1701939562215,184.2,0.6357
XRPUSDT,SELL,LIMIT,1701939574080,121.0,0.6351
XRPUSDT,SELL,LIMIT,1701939723831,383.7,0.6360
XRPUSDT,SELL,LIMIT,1701939956689,7175.0,0.6365
XRPUSDT,SELL,LIMIT,1701939959446,1039.3,0.6377
XRPUSDT,SELL,LIMIT,1701939972965,1712.1,0.6357
XRPUSDT,SELL,LIMIT,1701939997625,250.0,0.6591
XRPUSDT,SELL,LIMIT,1701940012072,92.4,0.6359
XRPUSDT,SELL,LIMIT,1701940045218,12.1,0.6358
XRPUSDT,SELL,LIMIT,1701940406868,74.0,0.6346
XRPUSDT,SELL,LIMIT,1701940408310,1807.5,0.6345
XRPUSDT,SELL,LIMIT,1701940409455,2593.5,0.6344
XRPUSDT,SELL,LIMIT,1701940421299,338.3,0.6342
XRPUSDT,SELL,LIMIT,1701940423305,24396.6,0.6328
XRPUSDT,SELL,LIMIT,1701940424565,289.0,0.6339
XRPUSDT,SELL,LIMIT,1701940428208,32.1,0.6339
XRPUSDT,SELL,LIMIT,1701940438300,1790.4,0.6336
XRPUSDT,SELL,LIMIT,1701940439535,829.5,0.6337
XRPUSDT,SELL,LIMIT,1701940446376,201.6,0.6335
XRPUSDT,SELL,LIMIT,1701940449260,97.1,0.6333
XRPUSDT,SELL,LIMIT,1701940451217,1628.8,0.6332
XRPUSDT,SELL,LIMIT,1701940452675,5164.5,0.6331
XRPUSDT,SELL,LIMIT,1701940453694,1501.5,0.6329
XRPUSDT,SELL,LIMIT,1701940464527,2443.1,0.6327
XRPUSDT,SELL,LIMIT,1701940470105,62.6,0.6326
XRPUSDT,SELL,LIMIT,1701940471440,1500.0,0.6324
XRPUSDT,SELL,LIMIT,1701940472646,420.0,0.6324
XRPUSDT,SELL,LIMIT,1701940473672,2329.7,0.6323
XRPUSDT,SELL,LIMIT,1701940512206,34.1,0.6321
XRPUSDT,SELL,LIMIT,1701940518399,282.2,0.6321
XRPUSDT,SELL,LIMIT,1701940520931,45.9,0.6318
XRPUSDT,SELL,LIMIT,1701940522126,50.0,0.6317
XRPUSDT,SELL,LIMIT,1701940523149,883.6,0.6317
XRPUSDT,SELL,LIMIT,1701940524156,10.4,0.6316
XRPUSDT,SELL,LIMIT,1701940525424,69.9,0.6315
XRPUSDT,SELL,LIMIT,1701940527644,418.2,0.6313
XRPUSDT,SELL,LIMIT,1701940544447,155.3,0.6312
XRPUSDT,SELL,LIMIT,1701940545618,55.4,0.6309
XRPUSDT,SELL,LIMIT,1701940546625,110.8,0.6308
XRPUSDT,SELL,LIMIT,1701940552288,981.2,0.6311
XRPUSDT,SELL,LIMIT,1701940553524,202.3,0.6309
XRPUSDT,SELL,LIMIT,1701940554553,82.3,0.6308
XRPUSDT,SELL,LIMIT,1701940555957,3839.9,0.6304
XRPUSDT,SELL,LIMIT,1701940557519,355.1,0.6300
XRPUSDT,SELL,LIMIT,1701940558779,158.3,0.6305
XRPUSDT,SELL,LIMIT,1701940560099,122.3,0.6297
XRPUSDT,SELL,LIMIT,1701940561380,64.9,0.6295
XRPUSDT,SELL,LIMIT,1701940562885,179.4,0.6294
XRPUSDT,SELL,LIMIT,1701940564201,161.6,0.6294
XRPUSDT,SELL,LIMIT,1701940565203,308.1,0.6290
XRPUSDT,SELL,LIMIT,1701940566313,491.4,0.6289
XRPUSDT,SELL,LIMIT,1701940568186,13385.1,0.6284
XRPUSDT,SELL,LIMIT,1701940569335,264.0,0.6286
XRPUSDT,SELL,LIMIT,1701940675056,7584.1,0.6282
XRPUSDT,SELL,LIMIT,1701940714089,1311.8,0.6282
XRPUSDT,SELL,LIMIT,1701940715124,23.6,0.6280
XRPUSDT,SELL,LIMIT,1701940980545,226.3,0.6294
XRPUSDT,SELL,LIMIT,1701940991279,291.7,0.6285
XRPUSDT,SELL,LIMIT,1701941067065,93.7,0.6279
XRPUSDT,SELL,LIMIT,1701941068345,1176.7,0.6279
XRPUSDT,SELL,LIMIT,1701941069408,521.0,0.6279
XRPUSDT,SELL,LIMIT,1701941071480,1137.0,0.6276
XRPUSDT,SELL,LIMIT,1701941072570,1949.4,0.6276
XRPUSDT,SELL,LIMIT,1701941074695,95.5,0.6276
XRPUSDT,SELL,LIMIT,1701941098752,105.7,0.6278
XRPUSDT,SELL,LIMIT,1701941110611,486.8,0.6275
XRPUSDT,SELL,LIMIT,1701941112216,2244.2,0.6272
XRPUSDT,SELL,LIMIT,1701941145173,424.9,0.6271
XRPUSDT,SELL,LIMIT,1701941146260,77141.1,0.6244
XRPUSDT,SELL,LIMIT,1701941147333,58.4,0.6270
XRPUSDT,SELL,LIMIT,1701941148355,4701.0,0.6264
XRPUSDT,SELL,LIMIT,1701941149458,110.0,0.6263
XRPUSDT,SELL,LIMIT,1701941151263,828.3,0.6257
XRPUSDT,SELL,LIMIT,1701941152308,7874.0,0.6255
XRPUSDT,SELL,LIMIT,1701941153376,200.0,0.6254
XRPUSDT,SELL,LIMIT,1701941154414,21.0,0.6252
XRPUSDT,SELL,LIMIT,1701941155482,101.0,0.6252
XRPUSDT,SELL,LIMIT,1701941156533,49.2,0.6245
XRPUSDT,SELL,LIMIT,1701941157556,500.0,0.6242
XRPUSDT,SELL,LIMIT,1701941159223,2591.4,0.6241
XRPUSDT,SELL,LIMIT,1701941160354,86.0,0.6238
XRPUSDT,SELL,LIMIT,1701941161459,14.6,0.6262
XRPUSDT,SELL,LIMIT,1701941166712,1640.9,0.6232
XRPUSDT,SELL,LIMIT,1701941169468,249.0,0.6241
XRPUSDT,SELL,LIMIT,1701941174627,1075.7,0.6240
XRPUSDT,SELL,LIMIT,1701941176213,34.3,0.6239
XRPUSDT,SELL,LIMIT,1701941181079,7866.5,0.6232
XRPUSDT,SELL,LIMIT,1701941182412,8.5,0.6239
XRPUSDT,SELL,LIMIT,1701941185109,3963.1,0.6230
XRPUSDT,SELL,LIMIT,1701941186120,4655.3,0.6231
XRPUSDT,SELL,LIMIT,1701941187200,123.8,0.6227
XRPUSDT,SELL,LIMIT,1701941188347,737.3,0.6227
XRPUSDT,SELL,LIMIT,1701941189549,210.0,0.6231
XRPUSDT,SELL,LIMIT,1701941190738,76651.8,0.6201
XRPUSDT,SELL,LIMIT,1701941192076,13.4,0.6226
XRPUSDT,SELL,LIMIT,1701941193180,1275.0,0.6225
XRPUSDT,SELL,LIMIT,1701941207196,1001.0,0.6223
XRPUSDT,SELL,LIMIT,1701941208202,55.9,0.6219
XRPUSDT,SELL,LIMIT,1701941215005,1000.0,0.6219
XRPUSDT,SELL,LIMIT,1701941225118,4364.6,0.6217
XRPUSDT,SELL,LIMIT,1701941226141,582.7,0.6217
XRPUSDT,SELL,LIMIT,1701941231243,68.8,0.6214
XRPUSDT,SELL,LIMIT,1701941233110,768.3,0.6213
XRPUSDT,SELL,LIMIT,1701941234213,557.5,0.6212
XRPUSDT,SELL,LIMIT,1701941235224,4700.0,0.6209
XRPUSDT,SELL,LIMIT,1701941236523,1098.6,0.6208
XRPUSDT,SELL,LIMIT,1701941237699,21.3,0.6205
XRPUSDT,SELL,LIMIT,1701941238715,16673.0,0.6200
XRPUSDT,SELL,LIMIT,1701941239767,13844.7,0.6199
XRPUSDT,SELL,LIMIT,1701941243321,625.1,0.6202
XRPUSDT,SELL,LIMIT,1701941245112,318.2,0.6198
XRPUSDT,SELL,LIMIT,1701941246159,479.1,0.6198
XRPUSDT,SELL,LIMIT,1701941247169,8007.3,0.6194
XRPUSDT,SELL,LIMIT,1701941248277,22495.7,0.6181
XRPUSDT,SELL,LIMIT,1701941250360,40.5,0.6199
XRPUSDT,SELL,LIMIT,1701941255426,146.0,0.6191
XRPUSDT,SELL,LIMIT,1701941256481,300.0,0.6192
XRPUSDT,BUY,LIMIT,1701941680247,121.0,0.6341
XRPUSDT,SELL,LIMIT,1701942194086,2524.8,0.6313
XRPUSDT,BUY,LIMIT,1701942352488,595.9,0.6367
XRPUSDT,BUY,LIMIT,1701942414307,2163.9,0.6374
XRPUSDT,SELL,LIMIT,1701942776485,8.8,0.6315
XRPUSDT,SELL,LIMIT,1701943622702,1007.9,0.6266
XRPUSDT,SELL,LIMIT,1701943635301,2342.6,0.6285
XRPUSDT,SELL,LIMIT,1701943641306,137.0,0.6264
XRPUSDT,SELL,LIMIT,1701943657810,3754.8,0.6264
XRPUSDT,SELL,LIMIT,1701943670736,3364.8,0.6263
XRPUSDT,SELL,LIMIT,1701943679792,401.3,0.6262
XRPUSDT,SELL,LIMIT,1701943704082,7895.9,0.6272
XRPUSDT,BUY,LIMIT,1701947444889,3457.1,0.6377
XRPUSDT,BUY,LIMIT,1701947448997,1269.0,0.6377
XRPUSDT,BUY,LIMIT,1701947561249,712.3,0.6380
XRPUSDT,BUY,LIMIT,1701947586448,11.0,0.6381
XRPUSDT,BUY,LIMIT,1701947612118,90.0,0.6383
XRPUSDT,BUY,LIMIT,1701947634629,2478.8,0.6386
XRPUSDT,BUY,LIMIT,1701947677660,16.1,0.6387
XRPUSDT,BUY,LIMIT,1701947688233,34.6,0.6388
XRPUSDT,BUY,LIMIT,1701947705178,37.3,0.6390
XRPUSDT,BUY,LIMIT,1701947788266,59.8,0.6391
XRPUSDT,BUY,LIMIT,1701947789753,66.7,0.6391
XRPUSDT,BUY,LIMIT,1701947819072,114.2,0.6393
XRPUSDT,BUY,LIMIT,1701947830136,50.1,0.6394
XRPUSDT,BUY,LIMIT,1701947873463,79.5,0.6396
XRPUSDT,SELL,LIMIT,1701949717264,84.4,0.6285
XRPUSDT,SELL,LIMIT,1701950652278,261.6,0.6308
XRPUSDT,SELL,LIMIT,1701950661671,119.4,0.6279
XRPUSDT,SELL,LIMIT,1701950667456,3581.6,0.6276
XRPUSDT,SELL,LIMIT,1701951791798,41.8,0.6468
XRPUSDT,SELL,LIMIT,1701951921317,400.0,0.6286
XRPUSDT,SELL,LIMIT,1701953144730,10.2,0.6470
XRPUSDT,BUY,LIMIT,1701953274321,3662.6,0.6369
XRPUSDT,SELL,LIMIT,1701953360051,767.7,0.6314
XRPUSDT,SELL,LIMIT,1701953386444,251.2,0.6316
XRPUSDT,BUY,LIMIT,1701954148785,1082.6,0.6397
XRPUSDT,BUY,LIMIT,1701954150448,633.7,0.6398
XRPUSDT,BUY,LIMIT,1701954152343,251.1,0.6394
XRPUSDT,BUY,LIMIT,1701954163375,2787.3,0.6399
XRPUSDT,BUY,LIMIT,1701954166476,1562.1,0.6399
XRPUSDT,BUY,LIMIT,1701954180414,1214.6,0.6401
XRPUSDT,SELL,LIMIT,1701956556359,1650.3,0.6336
XRPUSDT,SELL,LIMIT,1701956649785,28.3,0.6281
XRPUSDT,SELL,LIMIT,1701956658289,6563.1,0.6279
XRPUSDT,SELL,LIMIT,1701956661977,101.1,0.6279
XRPUSDT,SELL,LIMIT,1701956669959,10.6,0.6277
XRPUSDT,SELL,LIMIT,1701956907141,43.8,0.6275
XRPUSDT,SELL,LIMIT,1701956908171,1072.3,0.6274
XRPUSDT,SELL,LIMIT,1701956909207,318.6,0.6274
XRPUSDT,SELL,LIMIT,1701956911776,138.0,0.6269
XRPUSDT,SELL,LIMIT,1701957044316,156.5,0.6267
XRPUSDT,SELL,LIMIT,1701957047069,1273.7,0.6267
XRPUSDT,SELL,LIMIT,1701957048277,17.1,0.6266
XRPUSDT,BUY,LIMIT,1701961126006,75.6,0.6378
XRPUSDT,SELL,LIMIT,1701961234099,3109.3,0.6301
XRPUSDT,SELL,LIMIT,1701961748548,3.4,0.6312
XRPUSDT,SELL,LIMIT,1701961871032,1113.9,0.6306
XRPUSDT,BUY,LIMIT,1701962493932,20.7,0.6387
XRPUSDT,BUY,LIMIT,1701962525025,67.5,0.6391
XRPUSDT,BUY,LIMIT,1701962603351,3072.1,0.6391
XRPUSDT,BUY,LIMIT,1701962709733,85.9,0.6396
XRPUSDT,BUY,LIMIT,1701962835437,13.1,0.6403
XRPUSDT,BUY,LIMIT,1701962842430,1234.2,0.6404
XRPUSDT,BUY,LIMIT,1701962936897,17.0,0.6406
XRPUSDT,BUY,LIMIT,1701962938287,41.5,0.6407
XRPUSDT,BUY,LIMIT,1701962939566,295.1,0.6408
XRPUSDT,BUY,LIMIT,1701962941538,80.0,0.6408
XRPUSDT,BUY,LIMIT,1701962942903,221.8,0.6409
XRPUSDT,BUY,LIMIT,1701962968644,45.4,0.6410
XRPUSDT,BUY,LIMIT,1701962976596,20.8,0.6411
XRPUSDT,BUY,LIMIT,1701962979427,49.0,0.6411
XRPUSDT,BUY,LIMIT,1701962992303,11.9,0.6413
XRPUSDT,BUY,LIMIT,1701963020284,1854.5,0.6414
XRPUSDT,BUY,LIMIT,1701963028458,202.4,0.6416
XRPUSDT,BUY,LIMIT,1701963030106,7833.5,0.6416
XRPUSDT,BUY,LIMIT,1701963045411,600.0,0.6414
XRPUSDT,BUY,LIMIT,1701963685251,8.1,0.6416
XRPUSDT,SELL,LIMIT,1701964935141,6787.6,0.6325
XRPUSDT,SELL,LIMIT,1701964938292,114.9,0.6326
XRPUSDT,BUY,LIMIT,1701965008384,83.2,0.6390
XRPUSDT,SELL,LIMIT,1701965033680,3500.0,0.6360
XRPUSDT,BUY,LIMIT,1701965100686,506.7,0.6412
XRPUSDT,BUY,LIMIT,1701965436222,11.8,0.6422
XRPUSDT,BUY,LIMIT,1701965437302,517.6,0.6423
XRPUSDT,BUY,LIMIT,1701965438946,119.3,0.6424
XRPUSDT,BUY,LIMIT,1701965480608,300.0,0.6427
XRPUSDT,BUY,LIMIT,1701965485405,692.9,0.6428
XRPUSDT,BUY,LIMIT,1701965486480,27.4,0.6428
XRPUSDT,BUY,LIMIT,1701965515815,5501.9,0.6433
XRPUSDT,BUY,LIMIT,1701965561164,3144.1,0.6438
XRPUSDT,BUY,LIMIT,1701965564624,20.9,0.6440
XRPUSDT,BUY,LIMIT,1701966290097,1263.0,0.6442
XRPUSDT,BUY,LIMIT,1701966416752,8.9,0.6441
XRPUSDT,BUY,LIMIT,1701966465153,348.6,0.6445
XRPUSDT,BUY,LIMIT,1701966466572,7857.9,0.6446
XRPUSDT,BUY,LIMIT,1701966497442,343.9,0.6446
XRPUSDT,BUY,LIMIT,1701966754667,817.9,0.6448
XRPUSDT,BUY,LIMIT,1701966755982,159.6,0.6449
XRPUSDT,BUY,LIMIT,1701966758052,19.4,0.6449
XRPUSDT,BUY,LIMIT,1701966762891,34.5,0.6450
XRPUSDT,BUY,LIMIT,1701966787049,17.2,0.6454
XRPUSDT,BUY,LIMIT,1701966788181,3064.1,0.6455
XRPUSDT,BUY,LIMIT,1701966789476,775.2,0.6455
XRPUSDT,BUY,LIMIT,1701966790521,77519.3,0.6482
XRPUSDT,BUY,LIMIT,1701966804815,58.0,0.6457
XRPUSDT,BUY,LIMIT,1701966805999,1582.5,0.6458
XRPUSDT,BUY,LIMIT,1701966810881,15.6,0.6459
XRPUSDT,BUY,LIMIT,1701966813431,87.9,0.6459
XRPUSDT,BUY,LIMIT,1701966817863,21.7,0.6461
XRPUSDT,BUY,LIMIT,1701966829206,7839.4,0.6461
XRPUSDT,BUY,LIMIT,1701966849791,354.7,0.6462
XRPUSDT,BUY,LIMIT,1701966851112,244.4,0.6464
XRPUSDT,BUY,LIMIT,1701966889126,30.1,0.6468
XRPUSDT,BUY,LIMIT,1701966964878,12.9,0.6469
XRPUSDT,BUY,LIMIT,1701966974614,61.2,0.6471
XRPUSDT,BUY,LIMIT,1701967482885,1362.6,0.6471
XRPUSDT,BUY,LIMIT,1701967497795,174.1,0.6473
XRPUSDT,BUY,LIMIT,1701967815233,2619.2,0.6469
XRPUSDT,BUY,LIMIT,1701967885900,840.8,0.6476
XRPUSDT,BUY,LIMIT,1701967980601,1090.9,0.6483
XRPUSDT,BUY,LIMIT,1701968010249,223.1,0.6483
XRPUSDT,BUY,LIMIT,1701968057629,1796.5,0.6485
XRPUSDT,BUY,LIMIT,1701968065795,36.3,0.6486
XRPUSDT,BUY,LIMIT,1701968070947,2028.9,0.6487
XRPUSDT,BUY,LIMIT,1701968080278,9.4,0.6488
XRPUSDT,BUY,LIMIT,1701968112257,14.7,0.6489
XRPUSDT,BUY,LIMIT,1701968119931,14.0,0.6491
XRPUSDT,BUY,LIMIT,1701968135739,122.6,0.6492
XRPUSDT,BUY,LIMIT,1701968241743,436.4,0.6498
XRPUSDT,BUY,LIMIT,1701968283603,96.5,0.6498
XRPUSDT,SELL,LIMIT,1701968906373,4272.1,0.6398
XRPUSDT,BUY,LIMIT,1701969613709,3269.7,0.6492
XRPUSDT,SELL,LIMIT,1701970351601,7742.3,0.6404
XRPUSDT,SELL,LIMIT,1701970997701,100397.8,0.6341
XRPUSDT,SELL,LIMIT,1701971000629,922.0,0.6380
XRPUSDT,SELL,LIMIT,1701971011136,386.2,0.6379
XRPUSDT,SELL,LIMIT,1701971014023,8.1,0.6376
XRPUSDT,SELL,LIMIT,1701971056843,13.8,0.6373
XRPUSDT,SELL,LIMIT,1701971370412,1728.0,0.6369
XRPUSDT,SELL,LIMIT,1701971378253,2393.7,0.6366
XRPUSDT,BUY,LIMIT,1701971753363,1032.5,0.6459
XRPUSDT,SELL,LIMIT,1701973287667,74.6,0.6429
XRPUSDT,BUY,LIMIT,1701973551483,681.5,0.6488
XRPUSDT,BUY,LIMIT,1701973581269,78.6,0.6491
XRPUSDT,BUY,LIMIT,1701973631538,296.0,0.6494
XRPUSDT,BUY,LIMIT,1701973634226,296.9,0.6495
XRPUSDT,SELL,LIMIT,1701974303071,375.5,0.6394
XRPUSDT,SELL,LIMIT,1701976303370,37.4,0.6404
XRPUSDT,SELL,LIMIT,1701976865844,7819.8,0.6386
XRPUSDT,SELL,LIMIT,1701976964703,28.0,0.6380
XRPUSDT,SELL,LIMIT,1701977296901,23.3,0.6374
XRPUSDT,SELL,LIMIT,1701977340424,8.7,0.6373
XRPUSDT,SELL,LIMIT,1701977350960,7753.2,0.6371
XRPUSDT,SELL,LIMIT,1701978294478,24.7,0.6382
XRPUSDT,SELL,LIMIT,1701978334002,3500.2,0.6370
XRPUSDT,SELL,LIMIT,1701978361468,2542.2,0.6367
XRPUSDT,SELL,LIMIT,1701978365375,795.3,0.6366
XRPUSDT,SELL,LIMIT,1701978370018,422.6,0.6365
XRPUSDT,BUY,LIMIT,1701979876386,187.4,0.6481
XRPUSDT,BUY,LIMIT,1701979899165,4033.0,0.6482
XRPUSDT,BUY,LIMIT,1701983891064,715.0,0.6478
XRPUSDT,BUY,LIMIT,1701984526373,0.1,0.6487
XRPUSDT,BUY,LIMIT,1701984757664,917.7,0.6490
XRPUSDT,BUY,LIMIT,1701984758806,36.0,0.6491
XRPUSDT,BUY,LIMIT,1701984772601,4697.0,0.6493
XRPUSDT,BUY,LIMIT,1701984778167,29.2,0.6497
XRPUSDT,BUY,LIMIT,1701984779211,5484.8,0.6496
XRPUSDT,BUY,LIMIT,1701984786675,2300.0,0.6496
XRPUSDT,BUY,LIMIT,1701984816303,7.9,0.6498
XRPUSDT,BUY,LIMIT,1701984824324,48.6,0.6499
XRPUSDT,BUY,LIMIT,1701984880750,140.1,0.6503
XRPUSDT,BUY,LIMIT,1701984884288,6720.9,0.6503
XRPUSDT,BUY,LIMIT,1701984886588,25.0,0.6504
XRPUSDT,BUY,LIMIT,1701984902877,10.9,0.6505
XRPUSDT,BUY,LIMIT,1701984939678,69.3,0.6507
XRPUSDT,BUY,LIMIT,1701984943253,2.1,0.6507
XRPUSDT,BUY,LIMIT,1701985122377,2785.9,0.6492
XRPUSDT,SELL,LIMIT,1701985524202,15.7,0.6943
XRPUSDT,SELL,LIMIT,1701988366051,120.2,0.6418
XRPUSDT,SELL,LIMIT,1701988367181,1200.0,0.6457
XRPUSDT,SELL,LIMIT,1701988475006,7907.6,0.6407
XRPUSDT,SELL,LIMIT,1701988476741,3859.6,0.6396
XRPUSDT,SELL,LIMIT,1701988555245,933.1,0.6396
XRPUSDT,SELL,LIMIT,1701989628468,3187.9,0.6387
XRPUSDT,SELL,LIMIT,1701993007284,760.2,0.6411
XRPUSDT,SELL,LIMIT,1701996042339,29.9,0.6408
XRPUSDT,SELL,LIMIT,1701996363478,1910.2,0.6392
XRPUSDT,SELL,LIMIT,1701996384798,3109.9,0.6388
XRPUSDT,SELL,LIMIT,1701997728259,253.2,0.6387
XRPUSDT,SELL,LIMIT,1701997732895,474.8,0.6386
XRPUSDT,SELL,LIMIT,1701997738202,1980.6,0.6384
XRPUSDT,SELL,LIMIT,1701997747932,592.9,0.6382
XRPUSDT,SELL,LIMIT,1701997750824,4720.6,0.6382
XRPUSDT,SELL,LIMIT,1701997864929,184.9,0.6380
XRPUSDT,SELL,LIMIT,1701997948740,2362.0,0.6379
XRPUSDT,SELL,LIMIT,1701997950351,438.0,0.6379
XRPUSDT,SELL,LIMIT,1701997966509,40.2,0.6378
XRPUSDT,BUY,LIMIT,1701998572331,2532.2,0.6464
XRPUSDT,BUY,LIMIT,1702003454863,137.3,0.6492
XRPUSDT,BUY,LIMIT,1702003676259,52.0,0.6487
XRPUSDT,BUY,LIMIT,1702003946410,3092.0,0.6498
XRPUSDT,BUY,LIMIT,1702003960254,995.6,0.6503
XRPUSDT,BUY,LIMIT,1702004005593,168.8,0.6506
XRPUSDT,BUY,LIMIT,1702004202458,102.0,0.6508
XRPUSDT,BUY,LIMIT,1702004207501,263.4,0.6509
XRPUSDT,BUY,LIMIT,1702004244260,144.3,0.6511
XRPUSDT,SELL,LIMIT,1702004556583,155.0,0.6440
XRPUSDT,BUY,LIMIT,1702004854591,30.7,0.6512
XRPUSDT,BUY,LIMIT,1702004885890,53.9,0.6513
XRPUSDT,BUY,LIMIT,1702004887087,27.8,0.6514
XRPUSDT,BUY,LIMIT,1702004890460,150.0,0.6514
XRPUSDT,BUY,LIMIT,1702004893778,20.8,0.6516
XRPUSDT,BUY,LIMIT,1702004895164,148.4,0.6516
XRPUSDT,BUY,LIMIT,1702004897392,129.3,0.6517
XRPUSDT,BUY,LIMIT,1702004902497,12.3,0.6519
XRPUSDT,BUY,LIMIT,1702004906227,15.9,0.6519
XRPUSDT,BUY,LIMIT,1702004907241,7771.2,0.6521
XRPUSDT,BUY,LIMIT,1702004908319,869.7,0.6521
XRPUSDT,BUY,LIMIT,1702004914468,121.9,0.6522
XRPUSDT,BUY,LIMIT,1702004928045,6658.7,0.6523
XRPUSDT,BUY,LIMIT,1702004940066,384.0,0.6528
XRPUSDT,BUY,LIMIT,1702004941289,50.2,0.6527
XRPUSDT,BUY,LIMIT,1702004943082,116.3,0.6529
XRPUSDT,BUY,LIMIT,1702004944157,395.1,0.6532
XRPUSDT,BUY,LIMIT,1702004945675,709.0,0.6533
XRPUSDT,BUY,LIMIT,1702004949193,260.6,0.6534
XRPUSDT,BUY,LIMIT,1702004951448,1204.8,0.6534
XRPUSDT,BUY,LIMIT,1702004991059,176.8,0.6537
XRPUSDT,BUY,LIMIT,1702004992478,14.9,0.6536
XRPUSDT,BUY,LIMIT,1702005006312,95.5,0.6538
XRPUSDT,BUY,LIMIT,1702005086445,82.6,0.6538
XRPUSDT,BUY,LIMIT,1702005090092,22.7,0.6539
XRPUSDT,BUY,LIMIT,1702005099529,298.4,0.6539
XRPUSDT,BUY,LIMIT,1702005104621,8.5,0.6541
XRPUSDT,BUY,LIMIT,1702005110074,177.6,0.6542
XRPUSDT,BUY,LIMIT,1702005634097,49.1,0.6525
XRPUSDT,SELL,LIMIT,1702005802219,320.0,0.6452
XRPUSDT,BUY,LIMIT,1702006592574,627.8,0.6525
XRPUSDT,BUY,LIMIT,1702006896996,63.6,0.6526
XRPUSDT,BUY,LIMIT,1702007096650,387.1,0.6529
XRPUSDT,BUY,LIMIT,1702007153374,61.8,0.6523
XRPUSDT,BUY,LIMIT,1702008857079,2870.0,0.6523
XRPUSDT,BUY,LIMIT,1702008870440,1402.1,0.6524
XRPUSDT,BUY,LIMIT,1702008884578,424.6,0.6525
XRPUSDT,BUY,LIMIT,1702009607558,3157.0,0.6536
XRPUSDT,BUY,LIMIT,1702009676987,625.1,0.6538
XRPUSDT,BUY,LIMIT,1702009818707,13579.1,0.6546
XRPUSDT,BUY,LIMIT,1702009823232,494.7,0.6544
XRPUSDT,BUY,LIMIT,1702011149188,6684.2,0.6530
XRPUSDT,BUY,LIMIT,1702013373442,702.6,0.6509
XRPUSDT,SELL,LIMIT,1702015315138,7695.5,0.6433
XRPUSDT,SELL,LIMIT,1702015390500,108.9,0.6424
XRPUSDT,SELL,LIMIT,1702015446281,9.2,0.6419
XRPUSDT,SELL,LIMIT,1702015453692,2.6,0.6417
XRPUSDT,SELL,LIMIT,1702015479468,120.5,0.6415
XRPUSDT,SELL,LIMIT,1702015491043,10.9,0.6415
XRPUSDT,SELL,LIMIT,1702015946372,186.2,0.6423
XRPUSDT,BUY,LIMIT,1702016154522,50.0,0.6492
XRPUSDT,SELL,LIMIT,1702017316492,670.8,0.6413
XRPUSDT,SELL,LIMIT,1702017336864,1813.7,0.6412
XRPUSDT,SELL,LIMIT,1702017429183,180.8,0.6411
XRPUSDT,SELL,LIMIT,1702017440784,7699.1,0.6410
XRPUSDT,SELL,LIMIT,1702017448031,10.8,0.6410
XRPUSDT,SELL,LIMIT,1702017489420,1439.9,0.6409
XRPUSDT,SELL,LIMIT,1702017505599,157.7,0.6408
XRPUSDT,SELL,LIMIT,1702017666423,84.9,0.6406
XRPUSDT,SELL,LIMIT,1702017799496,1203.8,0.6403
XRPUSDT,SELL,LIMIT,1702017823357,7712.4,0.6400
XRPUSDT,SELL,LIMIT,1702017827839,1221.3,0.6398
XRPUSDT,SELL,LIMIT,1702017865419,8.9,0.6398
XRPUSDT,SELL,LIMIT,1702017866842,45.9,0.6396
XRPUSDT,SELL,LIMIT,1702017871057,195.8,0.6394
XRPUSDT,BUY,LIMIT,1702018380321,16.6,0.6333
XRPUSDT,SELL,LIMIT,1702019925219,8.0,0.6394
XRPUSDT,SELL,LIMIT,1702019926492,7714.8,0.6390
XRPUSDT,SELL,LIMIT,1702019973623,774.5,0.6388
XRPUSDT,SELL,LIMIT,1702019995221,33.9,0.6386
XRPUSDT,SELL,LIMIT,1702020026912,95.1,0.6386
XRPUSDT,SELL,LIMIT,1702020075392,308.9,0.6384
XRPUSDT,SELL,LIMIT,1702020079156,34.8,0.6382
XRPUSDT,SELL,LIMIT,1702020111279,292.5,0.6382
XRPUSDT,SELL,LIMIT,1702020114196,1933.1,0.6382
XRPUSDT,SELL,LIMIT,1702020198403,6796.2,0.6377
XRPUSDT,SELL,LIMIT,1702020222554,2219.3,0.6375
XRPUSDT,SELL,LIMIT,1702020223558,148.9,0.6374
XRPUSDT,SELL,LIMIT,1702020527059,678.4,0.6371
XRPUSDT,SELL,LIMIT,1702020539155,722.0,0.6370
XRPUSDT,SELL,LIMIT,1702020540183,78.5,0.6368
XRPUSDT,SELL,LIMIT,1702020541361,195.0,0.6368
XRPUSDT,SELL,LIMIT,1702020597946,7775.5,0.6367
XRPUSDT,SELL,LIMIT,1702020599610,21.4,0.6366
XRPUSDT,SELL,LIMIT,1702020631125,60.1,0.6365
XRPUSDT,SELL,LIMIT,1702020632389,3826.6,0.6364
XRPUSDT,SELL,LIMIT,1702020636493,171.8,0.6361
XRPUSDT,SELL,LIMIT,1702020638025,73575.7,0.6335
XRPUSDT,SELL,LIMIT,1702020639048,3946.3,0.6357
XRPUSDT,SELL,LIMIT,1702020640177,1710.7,0.6357
XRPUSDT,SELL,LIMIT,1702020641471,286.6,0.6355
XRPUSDT,SELL,LIMIT,1702020643594,7751.6,0.6357
XRPUSDT,SELL,LIMIT,1702020660428,22.6,0.6354
XRPUSDT,SELL,LIMIT,1702020661516,889.0,0.6353
XRPUSDT,SELL,LIMIT,1702020662526,2970.0,0.6352
XRPUSDT,SELL,LIMIT,1702020663586,116.5,0.6351
XRPUSDT,SELL,LIMIT,1702020664677,24.6,0.6351
XRPUSDT,SELL,LIMIT,1702022396896,9.3,0.6387
XRPUSDT,SELL,LIMIT,1702022554183,775.1,0.6377
XRPUSDT,BUY,LIMIT,1702030293203,11.2,0.6486
XRPUSDT,BUY,LIMIT,1702030439716,297.2,0.6489
XRPUSDT,BUY,LIMIT,1702031085356,46.5,0.6492
XRPUSDT,BUY,LIMIT,1702031130760,11.8,0.6492
XRPUSDT,BUY,LIMIT,1702031137368,19.1,0.6494
XRPUSDT,BUY,LIMIT,1702031254034,114.4,0.6492
XRPUSDT,BUY,LIMIT,1702031284105,8009.3,0.6495
XRPUSDT,BUY,LIMIT,1702031325978,475.4,0.6496
XRPUSDT,BUY,LIMIT,1702031341352,805.6,0.6497
XRPUSDT,BUY,LIMIT,1702031367892,1411.4,0.6499
XRPUSDT,BUY,LIMIT,1702031417286,3746.4,0.6499
XRPUSDT,BUY,LIMIT,1702031465141,7.9,0.6502
XRPUSDT,BUY,LIMIT,1702031476111,12.0,0.6502
XRPUSDT,BUY,LIMIT,1702033813994,232.0,0.6490
XRPUSDT,BUY,LIMIT,1702034747393,12.9,0.6484
XRPUSDT,BUY,LIMIT,1702034797114,104.5,0.6478
XRPUSDT,BUY,LIMIT,1702034922663,46.1,0.6491
XRPUSDT,BUY,LIMIT,1702034994720,31226.1,0.6514
XRPUSDT,BUY,LIMIT,1702035157808,11.5,0.6472
XRPUSDT,BUY,LIMIT,1702035162707,127.5,0.6501
XRPUSDT,BUY,LIMIT,1702035164063,1.3,0.6500
XRPUSDT,BUY,LIMIT,1702035185529,11.1,0.6505
XRPUSDT,SELL,LIMIT,1702035190165,174.0,0.6441
XRPUSDT,BUY,LIMIT,1702035195219,30.6,0.5531
XRPUSDT,BUY,LIMIT,1702035196441,66.0,0.6506
XRPUSDT,BUY,LIMIT,1702035264092,77.8,0.6512
XRPUSDT,BUY,LIMIT,1702035451421,2001.9,0.6515
XRPUSDT,BUY,LIMIT,1702035452611,350.7,0.6507
XRPUSDT,BUY,LIMIT,1702035467670,116.2,0.6516
XRPUSDT,BUY,LIMIT,1702035469704,2438.9,0.6516
XRPUSDT,BUY,LIMIT,1702035476253,15.1,0.6520
XRPUSDT,BUY,LIMIT,1702035488279,31.0,0.6524
XRPUSDT,BUY,LIMIT,1702035494071,574.9,0.6528
XRPUSDT,BUY,LIMIT,1702035528407,199.6,0.6530
XRPUSDT,BUY,LIMIT,1702035562446,7205.9,0.6531
XRPUSDT,BUY,LIMIT,1702035563469,9.3,0.6532
XRPUSDT,BUY,LIMIT,1702035565129,155.0,0.6534
XRPUSDT,BUY,LIMIT,1702035734215,26.0,0.6526
XRPUSDT,BUY,LIMIT,1702035930940,9785.6,0.6520
XRPUSDT,BUY,LIMIT,1702036083674,74.7,0.6527
XRPUSDT,SELL,LIMIT,1702036087347,1198.3,0.6470
XRPUSDT,SELL,LIMIT,1702036153940,1551.5,0.6464
XRPUSDT,BUY,LIMIT,1702036163497,390.0,0.6527
XRPUSDT,BUY,LIMIT,1702036193639,1.8,0.6528
XRPUSDT,SELL,LIMIT,1702037082427,25.0,0.6444
XRPUSDT,BUY,LIMIT,1702037212860,8.4,0.6538
XRPUSDT,BUY,LIMIT,1702037215439,6966.0,0.6541
XRPUSDT,BUY,LIMIT,1702037216777,13.6,0.6546
XRPUSDT,BUY,LIMIT,1702037230145,232.0,0.6550
XRPUSDT,BUY,LIMIT,1702037231282,56.0,0.6551
XRPUSDT,BUY,LIMIT,1702037232471,2367.0,0.6552
XRPUSDT,BUY,LIMIT,1702037246971,316.0,0.6553
XRPUSDT,BUY,LIMIT,1702037250189,1438.3,0.6554
XRPUSDT,BUY,LIMIT,1702037251218,14047.0,0.6559
XRPUSDT,BUY,LIMIT,1702037254383,20.4,0.6556
XRPUSDT,BUY,LIMIT,1702037261105,258.0,0.6557
XRPUSDT,BUY,LIMIT,1702037262129,12.6,0.6558
XRPUSDT,BUY,LIMIT,1702037263142,3500.0,0.6559
XRPUSDT,BUY,LIMIT,1702037264165,10.8,0.6569
XRPUSDT,BUY,LIMIT,1702037265360,536.5,0.6566
XRPUSDT,BUY,LIMIT,1702037273017,3804.4,0.6569
XRPUSDT,BUY,LIMIT,1702037276836,7707.7,0.6572
XRPUSDT,BUY,LIMIT,1702037278385,520.5,0.6573
XRPUSDT,BUY,LIMIT,1702037281035,1640.0,0.6574
XRPUSDT,BUY,LIMIT,1702037291741,1887.3,0.6574
XRPUSDT,BUY,LIMIT,1702037295317,24.7,0.6578
XRPUSDT,BUY,LIMIT,1702037296331,7993.6,0.6579
XRPUSDT,BUY,LIMIT,1702037297342,3768.3,0.6580
XRPUSDT,BUY,LIMIT,1702037341469,471.8,0.6584
XRPUSDT,BUY,LIMIT,1702037344070,16.5,0.6588
XRPUSDT,BUY,LIMIT,1702037346206,64.1,0.6589
XRPUSDT,BUY,LIMIT,1702037349086,1982.0,0.6591
XRPUSDT,BUY,LIMIT,1702037350250,15423.6,0.6597
XRPUSDT,BUY,LIMIT,1702037351269,1464.8,0.6594
XRPUSDT,BUY,LIMIT,1702037353222,1206.7,0.6603
XRPUSDT,BUY,LIMIT,1702037363443,89.9,0.6602
XRPUSDT,BUY,LIMIT,1702037369790,161.3,0.6604
XRPUSDT,BUY,LIMIT,1702037371821,3979.3,0.6606
XRPUSDT,BUY,LIMIT,1702037392559,513.6,0.6606
XRPUSDT,BUY,LIMIT,1702037393651,163.3,0.6607
XRPUSDT,BUY,LIMIT,1702037395355,303.6,0.6608
XRPUSDT,SELL,LIMIT,1702038027620,64.1,0.6488
XRPUSDT,SELL,LIMIT,1702038037850,583.1,0.6486
XRPUSDT,BUY,LIMIT,1702038433631,1500.0,0.6551
XRPUSDT,BUY,LIMIT,1702038481100,2362.7,0.6573
XRPUSDT,BUY,LIMIT,1702038483650,14.8,0.6552
XRPUSDT,BUY,LIMIT,1702038761167,17.9,0.6572
XRPUSDT,BUY,LIMIT,1702039084394,9.7,0.6570
XRPUSDT,BUY,LIMIT,1702039097275,251.4,0.6572
XRPUSDT,BUY,LIMIT,1702039196065,109.9,0.6568
XRPUSDT,BUY,LIMIT,1702039606064,23.1,0.6611
XRPUSDT,BUY,LIMIT,1702039607265,110.4,0.6610
XRPUSDT,BUY,LIMIT,1702039630124,119.1,0.6613
XRPUSDT,BUY,LIMIT,1702039631529,58.2,0.6612
XRPUSDT,BUY,LIMIT,1702039761330,513.0,0.6615
XRPUSDT,BUY,LIMIT,1702039762337,27.9,0.6618
XRPUSDT,BUY,LIMIT,1702039770143,81.7,0.6618
XRPUSDT,SELL,LIMIT,1702040238591,2673.8,0.6528
XRPUSDT,SELL,LIMIT,1702041356135,50.4,0.6491
XRPUSDT,SELL,LIMIT,1702041360751,2942.7,0.6489
XRPUSDT,SELL,LIMIT,1702042212681,450.5,0.6481
XRPUSDT,SELL,LIMIT,1702042224385,1916.8,0.6473
XRPUSDT,SELL,LIMIT,1702042225399,1337.2,0.6474
XRPUSDT,SELL,LIMIT,1702042229516,19.8,0.6471
XRPUSDT,SELL,LIMIT,1702042236484,23.4,0.6464
XRPUSDT,SELL,LIMIT,1702042238121,1115.7,0.6463
XRPUSDT,SELL,LIMIT,1702042246634,2835.0,0.6460
XRPUSDT,SELL,LIMIT,1702042269112,7622.7,0.6457
XRPUSDT,SELL,LIMIT,1702042270429,69.1,0.6458
XRPUSDT,SELL,LIMIT,1702042271788,122.9,0.6456
XRPUSDT,SELL,LIMIT,1702042273248,18.0,0.6452
XRPUSDT,SELL,LIMIT,1702042726007,455.4,0.6453
XRPUSDT,SELL,LIMIT,1702042729418,1500.0,0.6450
XRPUSDT,BUY,LIMIT,1702042848218,31.8,0.6446
XRPUSDT,BUY,LIMIT,1702043701453,1904.7,0.6542
XRPUSDT,SELL,LIMIT,1702043835657,10.9,0.6465
XRPUSDT,SELL,LIMIT,1702044449908,176.1,0.6449
XRPUSDT,SELL,LIMIT,1702044515703,104.0,0.6449
XRPUSDT,SELL,LIMIT,1702044542406,1069.0,0.6447
XRPUSDT,BUY,LIMIT,1702044971299,606.4,0.6507
XRPUSDT,SELL,LIMIT,1702045069897,1550.4,0.6535
XRPUSDT,BUY,LIMIT,1702045467166,383.6,0.6554
XRPUSDT,BUY,LIMIT,1702045885456,166.9,0.6554
XRPUSDT,SELL,LIMIT,1702045896289,36.8,0.6507
XRPUSDT,BUY,LIMIT,1702046257931,82.0,0.6568
XRPUSDT,BUY,LIMIT,1702046353265,36.7,0.6573
XRPUSDT,BUY,LIMIT,1702046548901,28.0,0.6575
XRPUSDT,BUY,LIMIT,1702046636314,19.5,0.6582
XRPUSDT,BUY,LIMIT,1702046637992,3439.5,0.6582
XRPUSDT,SELL,LIMIT,1702047586316,50.0,0.6508
XRPUSDT,BUY,LIMIT,1702047699827,390.5,0.6581
XRPUSDT,BUY,LIMIT,1702047840989,3000.0,0.6588
XRPUSDT,BUY,LIMIT,1702048107166,40.0,0.6583
XRPUSDT,SELL,LIMIT,1702048853863,2285.6,0.6520
XRPUSDT,BUY,LIMIT,1702049802410,161.1,0.6594
XRPUSDT,BUY,LIMIT,1702049807540,18.3,0.6596
XRPUSDT,BUY,LIMIT,1702050138339,13.8,0.6597
XRPUSDT,BUY,LIMIT,1702050159351,26.3,0.6601
XRPUSDT,BUY,LIMIT,1702050213318,897.1,0.6604
XRPUSDT,BUY,LIMIT,1702050454463,2058.1,0.6596
XRPUSDT,BUY,LIMIT,1702050456356,1163.3,0.6597
XRPUSDT,SELL,LIMIT,1702050470883,165.6,0.6563
XRPUSDT,SELL,LIMIT,1702050601131,20.5,0.6530
XRPUSDT,SELL,LIMIT,1702050975749,17.5,0.6506
XRPUSDT,BUY,LIMIT,1702051176499,15.3,0.6615
XRPUSDT,BUY,LIMIT,1702051177524,405.8,0.6612
XRPUSDT,BUY,LIMIT,1702051179382,7647.4,0.6619
XRPUSDT,BUY,LIMIT,1702051180610,2750.0,0.6619
XRPUSDT,BUY,LIMIT,1702051182336,1131.8,0.6623
XRPUSDT,BUY,LIMIT,1702051183544,161.0,0.6623
XRPUSDT,BUY,LIMIT,1702051185108,441.2,0.6629
XRPUSDT,BUY,LIMIT,1702051186177,128.5,0.6628
XRPUSDT,BUY,LIMIT,1702051189145,314.8,0.6632
XRPUSDT,BUY,LIMIT,1702051190407,1460.0,0.6631
XRPUSDT,BUY,LIMIT,1702051197449,964.4,0.6634
XRPUSDT,BUY,LIMIT,1702051198488,103.0,0.6634
XRPUSDT,BUY,LIMIT,1702051207185,620.8,0.6637
XRPUSDT,BUY,LIMIT,1702051208229,21.9,0.6642
XRPUSDT,BUY,LIMIT,1702051209995,1135.8,0.6642
XRPUSDT,BUY,LIMIT,1702051213955,115.7,0.6643
XRPUSDT,BUY,LIMIT,1702051215322,44.2,0.6645
XRPUSDT,BUY,LIMIT,1702051216915,9.1,0.6645
XRPUSDT,BUY,LIMIT,1702051218005,64.8,0.6646
XRPUSDT,BUY,LIMIT,1702051219134,136.4,0.6650
XRPUSDT,BUY,LIMIT,1702051220242,46.2,0.6652
XRPUSDT,BUY,LIMIT,1702051227258,901.4,0.6654
XRPUSDT,BUY,LIMIT,1702051229728,155.4,0.6657
XRPUSDT,BUY,LIMIT,1702051231072,2427.8,0.6660
XRPUSDT,BUY,LIMIT,1702051240372,12.2,0.6665
XRPUSDT,BUY,LIMIT,1702051241455,157.7,0.6664
XRPUSDT,BUY,LIMIT,1702051257194,676.0,0.6660
XRPUSDT,BUY,LIMIT,1702051260060,1935.0,0.6667
XRPUSDT,BUY,LIMIT,1702051261268,318.4,0.6666
XRPUSDT,BUY,LIMIT,1702051262386,27.6,0.6669
XRPUSDT,BUY,LIMIT,1702051264183,165.5,0.6670
XRPUSDT,BUY,LIMIT,1702051268931,5864.0,0.6670
XRPUSDT,BUY,LIMIT,1702051270058,1565.6,0.6678
XRPUSDT,BUY,LIMIT,1702051271198,1485.2,0.6675
XRPUSDT,BUY,LIMIT,1702051272269,220.7,0.6679
XRPUSDT,BUY,LIMIT,1702051282884,165.2,0.6679
XRPUSDT,BUY,LIMIT,1702051284047,9.0,0.6682
XRPUSDT,BUY,LIMIT,1702051285330,32.9,0.6684
XRPUSDT,BUY,LIMIT,1702051286614,153.4,0.6687
XRPUSDT,BUY,LIMIT,1702051335206,48.7,0.6690
XRPUSDT,BUY,LIMIT,1702051337105,15.4,0.6691
XRPUSDT,BUY,LIMIT,1702051338293,1725.0,0.6691
XRPUSDT,BUY,LIMIT,1702051353066,159.0,0.6692
XRPUSDT,BUY,LIMIT,1702051354321,400.0,0.6691
XRPUSDT,BUY,LIMIT,1702051358895,16595.7,0.6705
XRPUSDT,BUY,LIMIT,1702051386904,165.7,0.6680
XRPUSDT,BUY,LIMIT,1702051430309,12.3,0.6700
XRPUSDT,BUY,LIMIT,1702051431528,1952.5,0.6698
XRPUSDT,BUY,LIMIT,1702051433125,2193.0,0.6701
XRPUSDT,BUY,LIMIT,1702051434161,16.4,0.6702
XRPUSDT,BUY,LIMIT,1702051435264,832.0,0.6705
XRPUSDT,BUY,LIMIT,1702051443064,15.6,0.6706
XRPUSDT,BUY,LIMIT,1702051444494,1454.9,0.6707
XRPUSDT,BUY,LIMIT,1702051448693,19.6,0.6711
XRPUSDT,BUY,LIMIT,1702051467519,155.6,0.6710
XRPUSDT,BUY,LIMIT,1702051481197,180083.2,0.6786
XRPUSDT,BUY,LIMIT,1702051482553,15269.5,0.6719
XRPUSDT,BUY,LIMIT,1702051501908,3852.5,0.6717
XRPUSDT,BUY,LIMIT,1702051503137,99.0,0.6719
XRPUSDT,BUY,LIMIT,1702051505246,14.8,0.6720
XRPUSDT,BUY,LIMIT,1702051506657,250.6,0.6722
XRPUSDT,BUY,LIMIT,1702051512133,14981.2,0.6729
XRPUSDT,BUY,LIMIT,1702051515550,177.1,0.6670
XRPUSDT,SELL,LIMIT,1702051520184,636.0,0.6643
XRPUSDT,BUY,LIMIT,1702051670155,36.0,0.6691
XRPUSDT,BUY,LIMIT,1702051767753,116.4,0.6724
XRPUSDT,BUY,LIMIT,1702051802504,2273.8,0.6726
XRPUSDT,BUY,LIMIT,1702052161449,77.5,0.6700
XRPUSDT,SELL,LIMIT,1702052318172,122.8,0.6606
XRPUSDT,SELL,LIMIT,1702052438332,14.9,0.6601
XRPUSDT,SELL,LIMIT,1702052440590,71.1,0.6598
XRPUSDT,SELL,LIMIT,1702052441780,112.4,0.6596
XRPUSDT,SELL,LIMIT,1702052476542,713.9,0.6591
XRPUSDT,SELL,LIMIT,1702052478375,1986.1,0.6590
XRPUSDT,SELL,LIMIT,1702052481577,287.9,0.6589
XRPUSDT,SELL,LIMIT,1702053080299,1559.0,0.6628
XRPUSDT,BUY,LIMIT,1702053169617,1500.0,0.6686
XRPUSDT,BUY,LIMIT,1702053308162,265.2,0.6681
XRPUSDT,BUY,LIMIT,1702054811555,26.6,0.6719
XRPUSDT,BUY,LIMIT,1702054819895,340.6,0.6723
XRPUSDT,BUY,LIMIT,1702054826969,889.0,0.6726
XRPUSDT,SELL,LIMIT,1702055229079,9.8,0.6637
XRPUSDT,SELL,LIMIT,1702055304821,79.4,0.6617
XRPUSDT,SELL,LIMIT,1702055360219,2146.4,0.6603
XRPUSDT,SELL,LIMIT,1702055502489,202.0,0.6597
XRPUSDT,BUY,LIMIT,1702055879207,288.5,0.6716
XRPUSDT,BUY,LIMIT,1702055897442,3262.6,0.6724
XRPUSDT,BUY,LIMIT,1702055903177,2706.4,0.6730
XRPUSDT,BUY,LIMIT,1702055904303,1005.3,0.6730
XRPUSDT,BUY,LIMIT,1702055906055,94.6,0.6732
XRPUSDT,BUY,LIMIT,1702055907500,332.5,0.6733
XRPUSDT,BUY,LIMIT,1702055915051,9.0,0.6734
XRPUSDT,BUY,LIMIT,1702055917724,206.0,0.6736
XRPUSDT,BUY,LIMIT,1702055921493,272.9,0.6737
XRPUSDT,BUY,LIMIT,1702055922608,131.6,0.6739
XRPUSDT,BUY,LIMIT,1702055927714,22174.0,0.6755
XRPUSDT,BUY,LIMIT,1702055929954,101.8,0.6742
XRPUSDT,BUY,LIMIT,1702055933590,100.5,0.6743
XRPUSDT,BUY,LIMIT,1702055934691,65.1,0.6744
XRPUSDT,BUY,LIMIT,1702055936869,6698.1,0.6747
XRPUSDT,BUY,LIMIT,1702055937881,80.2,0.6749
XRPUSDT,BUY,LIMIT,1702055938969,693.0,0.6753
XRPUSDT,BUY,LIMIT,1702055958335,18.1,0.6756
XRPUSDT,BUY,LIMIT,1702055959439,1349.1,0.6756
XRPUSDT,BUY,LIMIT,1702055961495,264.9,0.6761
XRPUSDT,SELL,LIMIT,1702056535047,3720.7,0.6628
XRPUSDT,SELL,LIMIT,1702056569406,1028.9,0.6623
XRPUSDT,SELL,LIMIT,1702056674278,501.9,0.6619
XRPUSDT,SELL,LIMIT,1702056707375,345.3,0.6614
XRPUSDT,SELL,LIMIT,1702058449350,3818.3,0.6633
XRPUSDT,SELL,LIMIT,1702058686334,2547.8,0.6615
XRPUSDT,SELL,LIMIT,1702058992385,1426.8,0.6624
XRPUSDT,SELL,LIMIT,1702061579102,90.4,0.6632
XRPUSDT,SELL,LIMIT,1702062800195,5917.4,0.6598
XRPUSDT,BUY,LIMIT,1702063596354,95.9,0.6715
XRPUSDT,BUY,LIMIT,1702063659450,2839.3,0.6723
XRPUSDT,BUY,LIMIT,1702064195892,57.6,0.6723
XRPUSDT,BUY,LIMIT,1702064404405,21.4,0.6725
XRPUSDT,BUY,LIMIT,1702064410631,735.7,0.6725
XRPUSDT,BUY,LIMIT,1702064515459,2310.4,0.6732
XRPUSDT,BUY,LIMIT,1702064548301,3092.3,0.6735
XRPUSDT,BUY,LIMIT,1702064859141,105.0,0.6738
XRPUSDT,BUY,LIMIT,1702064861760,118.3,0.6740
XRPUSDT,BUY,LIMIT,1702064872452,655.0,0.6743
XRPUSDT,BUY,LIMIT,1702064877396,2838.4,0.6744
XRPUSDT,BUY,LIMIT,1702064899960,1152.7,0.6747
XRPUSDT,BUY,LIMIT,1702064902140,104.6,0.6749
XRPUSDT,BUY,LIMIT,1702064922540,369.4,0.6751
XRPUSDT,BUY,LIMIT,1702064950859,10.8,0.6751
XRPUSDT,SELL,LIMIT,1702065363907,3762.7,0.6676
XRPUSDT,BUY,LIMIT,1702065747120,978.8,0.6752
XRPUSDT,BUY,LIMIT,1702065877489,512.3,0.6748
XRPUSDT,BUY,LIMIT,1702065942715,187.7,0.6742
XRPUSDT,BUY,LIMIT,1702067589493,269.7,0.6744
XRPUSDT,BUY,LIMIT,1702068201225,1926.9,0.6755
XRPUSDT,BUY,LIMIT,1702068229047,550.6,0.6755
XRPUSDT,SELL,LIMIT,1702068395069,104.3,0.6674
XRPUSDT,BUY,LIMIT,1702068652527,15.6,0.6747
XRPUSDT,BUY,LIMIT,1702069017197,439.0,0.6752
XRPUSDT,BUY,LIMIT,1702069043056,257.5,0.6756
XRPUSDT,BUY,LIMIT,1702069172354,2364.7,0.6760
XRPUSDT,BUY,LIMIT,1702069189994,126.9,0.6761
XRPUSDT,SELL,LIMIT,1702069326582,329.7,0.6697
XRPUSDT,BUY,LIMIT,1702069371339,73.7,0.6752
XRPUSDT,BUY,LIMIT,1702069735869,6012.3,0.6742
XRPUSDT,BUY,LIMIT,1702070184498,6620.0,0.6752
XRPUSDT,BUY,LIMIT,1702070438669,563.9,0.6761
XRPUSDT,BUY,LIMIT,1702070457082,91.8,0.6762
XRPUSDT,SELL,LIMIT,1702070505290,14.7,0.6688
XRPUSDT,BUY,LIMIT,1702070582169,5145.8,0.6759
XRPUSDT,BUY,LIMIT,1702070626467,5350.8,0.6763
XRPUSDT,BUY,LIMIT,1702070628873,815.4,0.6763
XRPUSDT,BUY,LIMIT,1702070630214,761.5,0.6765
XRPUSDT,SELL,LIMIT,1702070755491,518.4,0.6708
XRPUSDT,BUY,LIMIT,1702070895513,935.5,0.6748
XRPUSDT,SELL,LIMIT,1702071818294,5401.7,0.6638
XRPUSDT,BUY,LIMIT,1702072671667,17.2,0.6731
XRPUSDT,SELL,LIMIT,1702074192056,839.5,0.6637
XRPUSDT,BUY,LIMIT,1702075787147,15.9,0.6530
XRPUSDT,BUY,LIMIT,1702076811670,324.6,0.6723
XRPUSDT,BUY,LIMIT,1702078182357,2627.6,0.6741
XRPUSDT,BUY,LIMIT,1702078548838,2212.5,0.6747
XRPUSDT,BUY,LIMIT,1702078603489,19818.6,0.6761
XRPUSDT,BUY,LIMIT,1702078609448,71.8,0.6752
XRPUSDT,BUY,LIMIT,1702078623286,3241.8,0.6754
XRPUSDT,BUY,LIMIT,1702078658457,7492.8,0.6760
XRPUSDT,BUY,LIMIT,1702078873487,711.1,0.6764
XRPUSDT,BUY,LIMIT,1702078883873,715.5,0.6764
XRPUSDT,BUY,LIMIT,1702078907709,2123.4,0.6766
XRPUSDT,BUY,LIMIT,1702078911951,13567.8,0.6770
XRPUSDT,BUY,LIMIT,1702078913616,596.9,0.6767
XRPUSDT,BUY,LIMIT,1702078915354,20.0,0.6768
XRPUSDT,BUY,LIMIT,1702078938607,14.9,0.6769
XRPUSDT,BUY,LIMIT,1702078942252,11.2,0.6770
XRPUSDT,BUY,LIMIT,1702078943313,1734.8,0.6771
XRPUSDT,BUY,LIMIT,1702078944444,46.5,0.6772
XRPUSDT,BUY,LIMIT,1702078947471,310.7,0.6772
XRPUSDT,BUY,LIMIT,1702078948639,52.0,0.6773
XRPUSDT,BUY,LIMIT,1702078952161,19.2,0.6773
XRPUSDT,BUY,LIMIT,1702079062167,42.4,0.6637
XRPUSDT,BUY,LIMIT,1702079163340,83.5,0.6774
XRPUSDT,BUY,LIMIT,1702079184237,7476.0,0.6776
XRPUSDT,BUY,LIMIT,1702079185985,567.7,0.6776
XRPUSDT,BUY,LIMIT,1702079187147,7.8,0.6777
XRPUSDT,BUY,LIMIT,1702079188378,9.9,0.6779
XRPUSDT,BUY,LIMIT,1702079189418,10.6,0.6780
XRPUSDT,BUY,LIMIT,1702079191062,55.2,0.6782
XRPUSDT,BUY,LIMIT,1702079211055,46.5,0.6783
XRPUSDT,BUY,LIMIT,1702079212777,14.3,0.6784
XRPUSDT,BUY,LIMIT,1702079226101,7481.6,0.6786
XRPUSDT,BUY,LIMIT,1702079227185,906.9,0.6785
XRPUSDT,BUY,LIMIT,1702079246157,6777.3,0.6786
XRPUSDT,BUY,LIMIT,1702079250156,2932.5,0.6788
XRPUSDT,BUY,LIMIT,1702079252306,48.8,0.6789
XRPUSDT,BUY,LIMIT,1702079300712,736.9,0.6789
XRPUSDT,BUY,LIMIT,1702079302075,2831.8,0.6790
XRPUSDT,BUY,LIMIT,1702079303079,14.5,0.6793
XRPUSDT,BUY,LIMIT,1702079304344,1458.1,0.6793
XRPUSDT,BUY,LIMIT,1702079305422,250.6,0.6793
XRPUSDT,BUY,LIMIT,1702079316226,1470.0,0.6795
XRPUSDT,BUY,LIMIT,1702080005466,2492.7,0.6763
XRPUSDT,BUY,LIMIT,1702080236397,1492.3,0.6774
XRPUSDT,BUY,LIMIT,1702080259274,123.2,0.6763
XRPUSDT,BUY,LIMIT,1702080566139,175.8,0.6770
XRPUSDT,BUY,LIMIT,1702080749970,2005.6,0.6776
XRPUSDT,BUY,LIMIT,1702080992331,215.8,0.6790
XRPUSDT,BUY,LIMIT,1702080998432,558.6,0.6797
XRPUSDT,BUY,LIMIT,1702081000375,19.0,0.6798
XRPUSDT,BUY,LIMIT,1702081001764,32.4,0.6800
XRPUSDT,BUY,LIMIT,1702081004201,20.0,0.6801
XRPUSDT,BUY,LIMIT,1702081006151,1570.9,0.6805
XRPUSDT,BUY,LIMIT,1702081007243,7479.4,0.6807
XRPUSDT,BUY,LIMIT,1702081009245,1700.0,0.6808
XRPUSDT,BUY,LIMIT,1702081010251,1464.3,0.6809
XRPUSDT,BUY,LIMIT,1702081011594,790.2,0.6813
XRPUSDT,BUY,LIMIT,1702081021471,90.5,0.6814
XRPUSDT,BUY,LIMIT,1702081023488,108.5,0.6816
XRPUSDT,BUY,LIMIT,1702081028208,22.7,0.6818
XRPUSDT,BUY,LIMIT,1702081031196,9.0,0.6819
XRPUSDT,BUY,LIMIT,1702081033735,865.2,0.6820
XRPUSDT,BUY,LIMIT,1702081040114,1104.9,0.6822
XRPUSDT,BUY,LIMIT,1702081041242,3695.2,0.6821
XRPUSDT,BUY,LIMIT,1702081145097,16.1,0.6823
XRPUSDT,BUY,LIMIT,1702081146161,1013.0,0.6826
XRPUSDT,BUY,LIMIT,1702081147480,2300.0,0.6826
XRPUSDT,BUY,LIMIT,1702081149626,93.3,0.6829
XRPUSDT,BUY,LIMIT,1702081174800,2144.8,0.6830
XRPUSDT,BUY,LIMIT,1702081177183,1400.0,0.6832
XRPUSDT,BUY,LIMIT,1702081183104,518.4,0.6825
XRPUSDT,BUY,LIMIT,1702081229517,780.7,0.6814
XRPUSDT,SELL,LIMIT,1702081364752,700.0,0.6739
XRPUSDT,BUY,LIMIT,1702081661282,13.0,0.6824
XRPUSDT,BUY,LIMIT,1702081781454,10.0,0.6820
XRPUSDT,BUY,LIMIT,1702081825947,7489.5,0.6822
XRPUSDT,BUY,LIMIT,1702082048971,1156.4,0.6803
XRPUSDT,BUY,LIMIT,1702082441745,65.6,0.6802
XRPUSDT,BUY,LIMIT,1702082477044,614.5,0.6800
XRPUSDT,BUY,LIMIT,1702082924582,2105.7,0.6794
XRPUSDT,BUY,LIMIT,1702083216665,2222.0,0.6797
XRPUSDT,SELL,LIMIT,1702083648399,600.0,0.6714
XRPUSDT,SELL,LIMIT,1702083754164,4696.4,0.6706
XRPUSDT,SELL,LIMIT,1702083792235,752.5,0.6705
XRPUSDT,SELL,LIMIT,1702083795252,13.0,0.6704
XRPUSDT,SELL,LIMIT,1702083991225,2769.9,0.6684
XRPUSDT,SELL,LIMIT,1702083993167,125.6,0.6681
XRPUSDT,SELL,LIMIT,1702083994288,7416.8,0.6680
XRPUSDT,SELL,LIMIT,1702083995455,26.5,0.6678
XRPUSDT,SELL,LIMIT,1702084020253,17.5,0.6678
XRPUSDT,SELL,LIMIT,1702084035735,119.1,0.6675
XRPUSDT,SELL,LIMIT,1702084073677,288.7,0.6675
XRPUSDT,SELL,LIMIT,1702084084358,118.0,0.6672
XRPUSDT,SELL,LIMIT,1702084085538,3152.8,0.6671
XRPUSDT,SELL,LIMIT,1702084087320,7412.0,0.6669
XRPUSDT,SELL,LIMIT,1702084089344,7404.1,0.6667
XRPUSDT,SELL,LIMIT,1702084091239,3687.6,0.6664
XRPUSDT,SELL,LIMIT,1702084100251,253.8,0.6693
XRPUSDT,SELL,LIMIT,1702084103432,6358.5,0.6658
XRPUSDT,SELL,LIMIT,1702084121185,515.6,0.6654
XRPUSDT,SELL,LIMIT,1702084122527,460.6,0.6652
XRPUSDT,SELL,LIMIT,1702084125635,2225.5,0.6652
XRPUSDT,SELL,LIMIT,1702084172867,2896.7,0.6649
XRPUSDT,SELL,LIMIT,1702084180301,7396.4,0.6649
XRPUSDT,SELL,LIMIT,1702084183679,154.7,0.6649
XRPUSDT,SELL,LIMIT,1702084191273,7360.5,0.6645
XRPUSDT,SELL,LIMIT,1702084200597,19.7,0.6648
XRPUSDT,SELL,LIMIT,1702084205096,729.7,0.6643
XRPUSDT,BUY,LIMIT,1702085555500,1.8,0.6736
XRPUSDT,BUY,LIMIT,1702085758685,2496.1,0.6766
XRPUSDT,BUY,LIMIT,1702085818022,266.4,0.6763
XRPUSDT,BUY,LIMIT,1702085901360,583.8,0.6759
XRPUSDT,BUY,LIMIT,1702086157297,637.0,0.6775
XRPUSDT,SELL,LIMIT,1702091249396,592.3,0.6687
XRPUSDT,SELL,LIMIT,1702091761560,103.6,0.6714
XRPUSDT,BUY,LIMIT,1702091771228,137.7,0.6768
XRPUSDT,BUY,LIMIT,1702091785825,63.6,0.6771
XRPUSDT,BUY,LIMIT,1702091910217,130.3,0.6775
XRPUSDT,BUY,LIMIT,1702091933373,121.8,0.6774
XRPUSDT,BUY,LIMIT,1702092539079,222.9,0.6789
XRPUSDT,BUY,LIMIT,1702093242233,515.5,0.6798
XRPUSDT,BUY,LIMIT,1702093251222,45.4,0.6799
XRPUSDT,BUY,LIMIT,1702093433373,12.2,0.6802
XRPUSDT,BUY,LIMIT,1702094558561,82.5,0.6805
XRPUSDT,BUY,LIMIT,1702094580570,89.5,0.6809
XRPUSDT,SELL,LIMIT,1702094617865,51.9,0.6748
XRPUSDT,BUY,LIMIT,1702094627516,15.2,0.6816
XRPUSDT,BUY,LIMIT,1702094635121,21.5,0.6816
XRPUSDT,BUY,LIMIT,1702094637317,16.2,0.6811
XRPUSDT,SELL,LIMIT,1702094640017,8.0,0.6750
XRPUSDT,BUY,LIMIT,1702094780819,140.9,0.6822
XRPUSDT,SELL,LIMIT,1702094791341,2499.7,0.6887
XRPUSDT,BUY,LIMIT,1702094801825,2221.6,0.6825
XRPUSDT,BUY,LIMIT,1702094829027,4949.5,0.6828
XRPUSDT,BUY,LIMIT,1702094832805,104.6,0.6830
XRPUSDT,BUY,LIMIT,1702094841179,369.5,0.6801
XRPUSDT,SELL,LIMIT,1702094844140,945.7,0.6773
XRPUSDT,BUY,LIMIT,1702094929848,746.0,0.6833
XRPUSDT,BUY,LIMIT,1702094931130,282.0,0.6834
XRPUSDT,BUY,LIMIT,1702094932321,4026.8,0.6835
XRPUSDT,BUY,LIMIT,1702094937191,8.5,0.6838
XRPUSDT,BUY,LIMIT,1702094939138,300.0,0.6840
XRPUSDT,BUY,LIMIT,1702094940355,38.7,0.6840
XRPUSDT,BUY,LIMIT,1702094947342,119.8,0.6842
XRPUSDT,BUY,LIMIT,1702094952045,8.0,0.6843
XRPUSDT,BUY,LIMIT,1702094954235,118.0,0.6843
XRPUSDT,BUY,LIMIT,1702094955247,4367.8,0.6849
XRPUSDT,BUY,LIMIT,1702094956265,53.3,0.6850
XRPUSDT,BUY,LIMIT,1702094957268,54.0,0.6863
XRPUSDT,BUY,LIMIT,1702094958276,185.3,0.6859
XRPUSDT,BUY,LIMIT,1702094969137,198.7,0.6865
XRPUSDT,BUY,LIMIT,1702094970167,134.8,0.6863
XRPUSDT,BUY,LIMIT,1702094975906,568.8,0.6867
XRPUSDT,BUY,LIMIT,1702094976993,50.9,0.6871
XRPUSDT,BUY,LIMIT,1702094980089,3361.8,0.6869
XRPUSDT,BUY,LIMIT,1702094982984,2.8,0.6871
XRPUSDT,BUY,LIMIT,1702094989156,1868.0,0.6873
XRPUSDT,BUY,LIMIT,1702094990179,128.5,0.6875
XRPUSDT,BUY,LIMIT,1702094991194,140.4,0.6875
XRPUSDT,BUY,LIMIT,1702094997860,25.5,0.6879
XRPUSDT,BUY,LIMIT,1702094998927,1962.8,0.6881
XRPUSDT,BUY,LIMIT,1702095271090,3785.2,0.6885
XRPUSDT,BUY,LIMIT,1702095272149,525.7,0.6888
XRPUSDT,BUY,LIMIT,1702095276247,15016.2,0.6895
XRPUSDT,BUY,LIMIT,1702095277329,2435.4,0.6891
XRPUSDT,BUY,LIMIT,1702095278357,837.0,0.6895
XRPUSDT,BUY,LIMIT,1702095280753,643.1,0.6900
XRPUSDT,BUY,LIMIT,1702095292171,1830.3,0.6901
XRPUSDT,BUY,LIMIT,1702095293437,5916.7,0.6900
XRPUSDT,BUY,LIMIT,1702095294476,13.0,0.6903
XRPUSDT,BUY,LIMIT,1702095296075,18.7,0.6907
XRPUSDT,BUY,LIMIT,1702095297106,1931.2,0.6908
XRPUSDT,BUY,LIMIT,1702095298159,11568.8,0.6911
XRPUSDT,BUY,LIMIT,1702095299349,14219.8,0.6913
XRPUSDT,BUY,LIMIT,1702095317707,46860.0,0.6937
XRPUSDT,BUY,LIMIT,1702095321046,221.5,0.6913
XRPUSDT,BUY,LIMIT,1702095322212,2665.3,0.6913
XRPUSDT,BUY,LIMIT,1702095346152,577.5,0.6920
XRPUSDT,BUY,LIMIT,1702095347240,2163.7,0.6918
XRPUSDT,BUY,LIMIT,1702095348534,588.7,0.6922
XRPUSDT,BUY,LIMIT,1702095591445,12.8,0.6922
XRPUSDT,BUY,LIMIT,1702095598429,714.6,0.6923
XRPUSDT,BUY,LIMIT,1702096358528,466.8,0.6882
XRPUSDT,BUY,LIMIT,1702096518693,330.1,0.6910
XRPUSDT,SELL,LIMIT,1702096521068,58.9,0.6846
XRPUSDT,BUY,LIMIT,1702097300505,400.0,0.6909
XRPUSDT,BUY,LIMIT,1702097378384,23.1,0.6911
XRPUSDT,BUY,LIMIT,1702097394036,100.0,0.6910
XRPUSDT,BUY,LIMIT,1702097726492,599.7,0.6899
XRPUSDT,BUY,LIMIT,1702097844119,576.8,0.6912
XRPUSDT,BUY,LIMIT,1702098475178,1242.3,0.6926
XRPUSDT,BUY,LIMIT,1702098513275,1500.1,0.6929
XRPUSDT,BUY,LIMIT,1702098514315,2900.2,0.6932
XRPUSDT,BUY,LIMIT,1702098516901,109.0,0.6934
XRPUSDT,BUY,LIMIT,1702099045399,969.0,0.6906
XRPUSDT,BUY,LIMIT,1702099071069,13.3,0.6934
XRPUSDT,BUY,LIMIT,1702099075055,663.2,0.6938
XRPUSDT,BUY,LIMIT,1702099076217,1959.3,0.6937
XRPUSDT,BUY,LIMIT,1702099088133,74358.7,0.6971
XRPUSDT,BUY,LIMIT,1702099089282,778.8,0.6941
XRPUSDT,BUY,LIMIT,1702099102378,4303.0,0.6942
XRPUSDT,BUY,LIMIT,1702099103484,305.4,0.6945
XRPUSDT,BUY,LIMIT,1702099104506,1107.9,0.6951
XRPUSDT,BUY,LIMIT,1702099153976,324.7,0.6951
XRPUSDT,BUY,LIMIT,1702099155791,69.1,0.6952
XRPUSDT,BUY,LIMIT,1702099157129,1662.5,0.6952
XRPUSDT,BUY,LIMIT,1702099158268,630.4,0.6953
XRPUSDT,BUY,LIMIT,1702099159656,695.1,0.6960
XRPUSDT,BUY,LIMIT,1702099169307,524.3,0.6959
XRPUSDT,BUY,LIMIT,1702099171412,8.2,0.6962
XRPUSDT,BUY,LIMIT,1702099179807,268.3,0.6964
XRPUSDT,BUY,LIMIT,1702099192149,11698.2,0.6971
XRPUSDT,BUY,LIMIT,1702099193271,212.2,0.6967
XRPUSDT,BUY,LIMIT,1702099194401,342.7,0.6973
XRPUSDT,BUY,LIMIT,1702099195458,100.0,0.6971
XRPUSDT,BUY,LIMIT,1702099198248,9340.5,0.6976
XRPUSDT,BUY,LIMIT,1702099199439,1415.0,0.6974
XRPUSDT,BUY,LIMIT,1702099201140,7.4,0.6975
XRPUSDT,BUY,LIMIT,1702099202188,3576.6,0.6976
XRPUSDT,BUY,LIMIT,1702099211737,417.3,0.6977
XRPUSDT,BUY,LIMIT,1702099214064,56.3,0.6978
XRPUSDT,BUY,LIMIT,1702099215273,395.4,0.6979
XRPUSDT,BUY,LIMIT,1702099245102,377.2,0.6981
XRPUSDT,BUY,LIMIT,1702099246209,8867.4,0.6988
XRPUSDT,BUY,LIMIT,1702099247324,17.8,0.6989
XRPUSDT,BUY,LIMIT,1702099248472,5924.2,0.6992
XRPUSDT,BUY,LIMIT,1702099250153,515.9,0.6995
XRPUSDT,BUY,LIMIT,1702099269302,314.7,0.6996
XRPUSDT,BUY,LIMIT,1702099270356,7656.0,0.6998
XRPUSDT,BUY,LIMIT,1702099271424,145.6,0.6999
XRPUSDT,BUY,LIMIT,1702099275127,35.1,0.7004
XRPUSDT,BUY,LIMIT,1702099276223,3851.8,0.7008
XRPUSDT,BUY,LIMIT,1702099277401,1165.0,0.7009
XRPUSDT,BUY,LIMIT,1702099281078,45.6,0.7013
XRPUSDT,BUY,LIMIT,1702099282472,364.6,0.7013
XRPUSDT,BUY,LIMIT,1702099283903,18.6,0.7015
XRPUSDT,BUY,LIMIT,1702099334603,1330.1,0.7016
XRPUSDT,BUY,LIMIT,1702099350217,213.7,0.7017
XRPUSDT,BUY,LIMIT,1702099352203,897.5,0.7018
XRPUSDT,BUY,LIMIT,1702099359058,134.4,0.7019
XRPUSDT,BUY,LIMIT,1702099365340,22665.7,0.7034
XRPUSDT,BUY,LIMIT,1702099378347,216.2,0.7020
XRPUSDT,BUY,LIMIT,1702099383316,76.5,0.7020
XRPUSDT,BUY,LIMIT,1702099384520,4564.6,0.7021
XRPUSDT,BUY,LIMIT,1702099390543,304.0,0.7021
XRPUSDT,BUY,LIMIT,1702099398779,4091.8,0.7023
XRPUSDT,BUY,LIMIT,1702099400549,70.4,0.7023
XRPUSDT,BUY,LIMIT,1702099403916,1458.0,0.7028
XRPUSDT,BUY,LIMIT,1702099499505,17292.7,0.7033
XRPUSDT,BUY,LIMIT,1702099512520,199.3,0.7028
XRPUSDT,BUY,LIMIT,1702099518393,1055.2,0.7024
XRPUSDT,BUY,LIMIT,1702099533408,21150.4,0.7043
XRPUSDT,BUY,LIMIT,1702099540590,1510.1,0.7031
XRPUSDT,BUY,LIMIT,1702099554870,4100.0,0.7032
XRPUSDT,BUY,LIMIT,1702099556119,1459.2,0.7037
XRPUSDT,BUY,LIMIT,1702099558427,70.8,0.7036
XRPUSDT,BUY,LIMIT,1702099560127,3156.9,0.7037
XRPUSDT,BUY,LIMIT,1702099584129,3668.1,0.7039
XRPUSDT,SELL,LIMIT,1702099687392,223.6,0.6908
XRPUSDT,SELL,LIMIT,1702099688712,6486.2,0.6907
XRPUSDT,SELL,LIMIT,1702099692216,100.3,0.6906
XRPUSDT,SELL,LIMIT,1702099693707,499.6,0.6901
XRPUSDT,SELL,LIMIT,1702099695225,143.0,0.6898
XRPUSDT,SELL,LIMIT,1702100071134,3677.0,0.6876
XRPUSDT,SELL,LIMIT,1702100072276,3228.3,0.6883
XRPUSDT,SELL,LIMIT,1702100075516,3169.1,0.6865
XRPUSDT,SELL,LIMIT,1702100080075,115.7,0.6859
XRPUSDT,SELL,LIMIT,1702100081189,1796.8,0.6860
XRPUSDT,SELL,LIMIT,1702100862598,3598.6,0.6856
XRPUSDT,SELL,LIMIT,1702100864044,16.3,0.6854
XRPUSDT,SELL,LIMIT,1702100908531,402.0,0.6853
XRPUSDT,SELL,LIMIT,1702100938721,169.0,0.6850
XRPUSDT,SELL,LIMIT,1702100940455,109.4,0.6849
XRPUSDT,BUY,LIMIT,1702101204887,888.3,0.6921
XRPUSDT,SELL,LIMIT,1702101407525,37.4,0.6838
XRPUSDT,SELL,LIMIT,1702101467103,1060.6,0.6836
XRPUSDT,SELL,LIMIT,1702101475604,7.6,0.6835
XRPUSDT,SELL,LIMIT,1702101477094,631.4,0.6830
XRPUSDT,SELL,LIMIT,1702101943131,428.1,0.6816
XRPUSDT,SELL,LIMIT,1702101965128,86.8,0.6822
XRPUSDT,SELL,LIMIT,1702101972950,390.1,0.6811
XRPUSDT,SELL,LIMIT,1702101980339,1435.6,0.6809
XRPUSDT,SELL,LIMIT,1702102005443,21.7,0.6808
XRPUSDT,BUY,LIMIT,1702102343868,41.0,0.6859
XRPUSDT,BUY,LIMIT,1702102345325,135.4,0.6879
XRPUSDT,BUY,LIMIT,1702103174197,536.4,0.6931
XRPUSDT,BUY,LIMIT,1702103376621,555.1,0.6931
XRPUSDT,BUY,LIMIT,1702103513212,230.2,0.6924
XRPUSDT,SELL,LIMIT,1702103532652,45.9,0.6877
XRPUSDT,BUY,LIMIT,1702104606585,50.0,0.6926
XRPUSDT,BUY,LIMIT,1702105689810,534.8,0.6896
XRPUSDT,SELL,LIMIT,1702105692706,623.8,0.6846
XRPUSDT,BUY,LIMIT,1702105925388,14555.5,0.6913
XRPUSDT,BUY,LIMIT,1702105970089,920.7,0.6905
XRPUSDT,BUY,LIMIT,1702106273287,495.9,0.6917
XRPUSDT,BUY,LIMIT,1702106298706,1471.2,0.6919
XRPUSDT,BUY,LIMIT,1702106825704,222.5,0.6914
XRPUSDT,BUY,LIMIT,1702106888279,532.8,0.6919
XRPUSDT,SELL,LIMIT,1702107150680,26.4,0.6846
XRPUSDT,SELL,LIMIT,1702107520072,125.8,0.6836
XRPUSDT,BUY,LIMIT,1702107982444,374.5,0.6914
XRPUSDT,SELL,LIMIT,1702108064081,122.5,0.6863
XRPUSDT,BUY,LIMIT,1702108131423,121.6,0.6943
XRPUSDT,BUY,LIMIT,1702108132498,326.2,0.6947
XRPUSDT,BUY,LIMIT,1702108136255,557.4,0.6952
XRPUSDT,BUY,LIMIT,1702108155441,3000.0,0.6957
XRPUSDT,BUY,LIMIT,1702108165199,1354.5,0.6960
XRPUSDT,BUY,LIMIT,1702108166287,1455.1,0.6960
XRPUSDT,BUY,LIMIT,1702108170493,14.6,0.6961
XRPUSDT,BUY,LIMIT,1702108172826,14863.2,0.6966
XRPUSDT,BUY,LIMIT,1702108176972,20.1,0.6964
XRPUSDT,SELL,LIMIT,1702108293834,16.0,0.6878
XRPUSDT,BUY,LIMIT,1702108359568,2010.1,0.6960
XRPUSDT,BUY,LIMIT,1702108391947,1502.9,0.6959
XRPUSDT,BUY,LIMIT,1702108513287,1066.6,0.6964
XRPUSDT,BUY,LIMIT,1702108532625,1124.2,0.6966
XRPUSDT,BUY,LIMIT,1702108541442,3729.1,0.6966
XRPUSDT,SELL,LIMIT,1702108549268,300.0,0.6921
XRPUSDT,BUY,LIMIT,1702108555235,82.3,0.6965
XRPUSDT,BUY,LIMIT,1702108951658,321.3,0.6960
XRPUSDT,BUY,LIMIT,1702109102696,271.0,0.6963
XRPUSDT,BUY,LIMIT,1702109111053,53.4,0.6921
XRPUSDT,BUY,LIMIT,1702109151519,7352.9,0.6975
XRPUSDT,BUY,LIMIT,1702109163712,911.0,0.6976
XRPUSDT,BUY,LIMIT,1702109365138,3846.7,0.6959
XRPUSDT,BUY,LIMIT,1702109370444,64.8,0.6961
XRPUSDT,BUY,LIMIT,1702109415150,7194.2,0.6945
XRPUSDT,BUY,LIMIT,1702109422275,825.7,0.6906
XRPUSDT,BUY,LIMIT,1702109477131,947.6,0.6950
XRPUSDT,BUY,LIMIT,1702109514107,763.0,0.6967
XRPUSDT,BUY,LIMIT,1702109641216,31.9,0.6972
XRPUSDT,BUY,LIMIT,1702109721604,7000.0,0.6970
XRPUSDT,BUY,LIMIT,1702109726270,336.4,0.6974
XRPUSDT,BUY,LIMIT,1702109741906,599.8,0.6979
XRPUSDT,BUY,LIMIT,1702109756042,27.2,0.6980
XRPUSDT,BUY,LIMIT,1702109757067,744.2,0.6980
XRPUSDT,BUY,LIMIT,1702109759198,362.5,0.6981
XRPUSDT,BUY,LIMIT,1702109762810,118.6,0.6981
XRPUSDT,BUY,LIMIT,1702109787325,44.0,0.6980
XRPUSDT,SELL,LIMIT,1702109841926,204.2,0.6914
XRPUSDT,BUY,LIMIT,1702109875553,144.4,0.6961
XRPUSDT,BUY,LIMIT,1702109882456,105.3,0.6906
XRPUSDT,BUY,LIMIT,1702109925240,5233.5,0.6970
XRPUSDT,BUY,LIMIT,1702110066477,77.6,0.6982
XRPUSDT,BUY,LIMIT,1702110092273,84.3,0.6988
XRPUSDT,BUY,LIMIT,1702110173451,10.1,0.6989
XRPUSDT,BUY,LIMIT,1702110257700,25.0,0.6992
XRPUSDT,BUY,LIMIT,1702110258876,446.3,0.6994
XRPUSDT,BUY,LIMIT,1702110260114,25.6,0.6996
XRPUSDT,BUY,LIMIT,1702110266172,797.5,0.6996
XRPUSDT,SELL,LIMIT,1702110817466,257.5,0.6885
XRPUSDT,SELL,LIMIT,1702110857071,3256.1,0.6878
XRPUSDT,SELL,LIMIT,1702110871221,32.3,0.6864
XRPUSDT,SELL,LIMIT,1702110872382,7191.1,0.6863
XRPUSDT,SELL,LIMIT,1702110873607,211.6,0.6862
XRPUSDT,SELL,LIMIT,1702110875378,403.5,0.6860
XRPUSDT,SELL,LIMIT,1702110876494,1269.2,0.6861
XRPUSDT,SELL,LIMIT,1702110881359,1282.8,0.6853
XRPUSDT,SELL,LIMIT,1702110882935,364.5,0.6853
XRPUSDT,SELL,LIMIT,1702110909112,1486.8,0.6849
XRPUSDT,SELL,LIMIT,1702110910391,1078.0,0.6849
XRPUSDT,SELL,LIMIT,1702110911574,157.8,0.6845
XRPUSDT,SELL,LIMIT,1702110912627,338.0,0.6843
XRPUSDT,SELL,LIMIT,1702110913664,4357.8,0.6849
XRPUSDT,SELL,LIMIT,1702110914721,1033.3,0.6833
XRPUSDT,SELL,LIMIT,1702110917850,33.3,0.6830
XRPUSDT,SELL,LIMIT,1702110919127,13.1,0.6828
XRPUSDT,SELL,LIMIT,1702110920950,7447.7,0.6826
XRPUSDT,SELL,LIMIT,1702110922580,20.2,0.6824
XRPUSDT,SELL,LIMIT,1702110925963,578.2,0.6823
XRPUSDT,SELL,LIMIT,1702110970061,8.7,0.6828
XRPUSDT,SELL,LIMIT,1702110974982,113.8,0.6819
XRPUSDT,SELL,LIMIT,1702110976276,1335.6,0.6817
XRPUSDT,SELL,LIMIT,1702110977280,34.8,0.6815
XRPUSDT,SELL,LIMIT,1702110978312,69.3,0.6792
XRPUSDT,SELL,LIMIT,1702110979347,3635.3,0.6786
XRPUSDT,SELL,LIMIT,1702110980628,7290.3,0.6790
XRPUSDT,SELL,LIMIT,1702110982909,4313.3,0.6788
XRPUSDT,SELL,LIMIT,1702110983914,2053.9,0.6782
XRPUSDT,SELL,LIMIT,1702110990219,1.7,0.6987
XRPUSDT,SELL,LIMIT,1702110993521,5853.9,0.6787
XRPUSDT,SELL,LIMIT,1702111029930,1086.7,0.6783
XRPUSDT,SELL,LIMIT,1702111032147,111.3,0.6778
XRPUSDT,SELL,LIMIT,1702111035307,196.5,0.6776
XRPUSDT,SELL,LIMIT,1702111036928,100.0,0.6772
XRPUSDT,SELL,LIMIT,1702111038076,156.4,0.6762
XRPUSDT,SELL,LIMIT,1702111039186,4918.9,0.6742
XRPUSDT,SELL,LIMIT,1702111040189,1837.1,0.6754
XRPUSDT,SELL,LIMIT,1702111041211,255.9,0.6733
XRPUSDT,SELL,LIMIT,1702111042218,333.3,0.6716
XRPUSDT,SELL,LIMIT,1702111043602,733.8,0.6716
XRPUSDT,SELL,LIMIT,1702111044710,359.7,0.6707
XRPUSDT,SELL,LIMIT,1702111045713,6755.6,0.6684
XRPUSDT,SELL,LIMIT,1702111046741,288.4,0.6702
XRPUSDT,SELL,LIMIT,1702111200097,3171.4,0.6729
XRPUSDT,SELL,LIMIT,1702111375495,1465.6,0.6726
XRPUSDT,SELL,LIMIT,1702111377206,1500.0,0.6728
XRPUSDT,SELL,LIMIT,1702111379005,644.2,0.6721
XRPUSDT,SELL,LIMIT,1702111381525,1597.2,0.6717
XRPUSDT,SELL,LIMIT,1702111382654,1510.4,0.6716
XRPUSDT,SELL,LIMIT,1702111386281,1171.9,0.6710
XRPUSDT,SELL,LIMIT,1702111387487,6337.8,0.6700
XRPUSDT,SELL,LIMIT,1702111389213,2544.0,0.6691
XRPUSDT,SELL,LIMIT,1702111390305,33382.9,0.6672
XRPUSDT,BUY,LIMIT,1702111754417,86.5,0.6852
XRPUSDT,BUY,LIMIT,1702111826095,40.9,0.6859
XRPUSDT,BUY,LIMIT,1702111869079,10.6,0.6862
XRPUSDT,SELL,LIMIT,1702112102283,20.0,0.6794
XRPUSDT,BUY,LIMIT,1702113285673,200.9,0.6876
XRPUSDT,BUY,LIMIT,1702113366694,13.8,0.6885
XRPUSDT,BUY,LIMIT,1702113416150,155.2,0.6889
XRPUSDT,BUY,LIMIT,1702113466316,338.6,0.6890
XRPUSDT,BUY,LIMIT,1702113475332,7100.4,0.6893
XRPUSDT,BUY,LIMIT,1702113477095,415.0,0.6894
XRPUSDT,BUY,LIMIT,1702113483487,32.5,0.6895
XRPUSDT,BUY,LIMIT,1702113487370,7342.1,0.6896
XRPUSDT,BUY,LIMIT,1702113573554,42.2,0.6898
XRPUSDT,SELL,LIMIT,1702113791531,43.3,0.6834
XRPUSDT,BUY,LIMIT,1702114251124,0.3,0.6876
XRPUSDT,BUY,LIMIT,1702114288166,201.6,0.6870
XRPUSDT,SELL,LIMIT,1702114754903,7266.6,0.6786
XRPUSDT,SELL,LIMIT,1702114832336,5229.3,0.6780
XRPUSDT,SELL,LIMIT,1702114998657,16.6,0.6771
XRPUSDT,SELL,LIMIT,1702114999811,216.7,0.6770
XRPUSDT,SELL,LIMIT,1702115023497,343.7,0.6769
XRPUSDT,SELL,LIMIT,1702115033641,43.3,0.6765
XRPUSDT,SELL,LIMIT,1702115035461,1386.6,0.6764
XRPUSDT,SELL,LIMIT,1702115079209,786.3,0.6762
XRPUSDT,SELL,LIMIT,1702115082218,108.1,0.6761
XRPUSDT,SELL,LIMIT,1702115083424,729.6,0.6761
XRPUSDT,SELL,LIMIT,1702115093131,221.3,0.6760
XRPUSDT,SELL,LIMIT,1702115094293,146.0,0.6759
XRPUSDT,SELL,LIMIT,1702115098411,295.0,0.6755
XRPUSDT,SELL,LIMIT,1702115102492,864.9,0.6755
XRPUSDT,SELL,LIMIT,1702119251245,4027.6,0.6854
XRPUSDT,SELL,LIMIT,1702119253093,286.8,0.6808
XRPUSDT,BUY,LIMIT,1702120181446,2354.5,0.6887
XRPUSDT,BUY,LIMIT,1702121178576,177.8,0.6894
XRPUSDT,BUY,LIMIT,1702121183206,105.6,0.6899
XRPUSDT,BUY,LIMIT,1702121187898,8.0,0.6899
XRPUSDT,BUY,LIMIT,1702121189743,86.2,0.6903
XRPUSDT,BUY,LIMIT,1702121191413,828.6,0.6904
XRPUSDT,BUY,LIMIT,1702121193793,285.3,0.6908
XRPUSDT,BUY,LIMIT,1702121202698,184.2,0.6907
XRPUSDT,BUY,LIMIT,1702121211200,1.5,0.6910
XRPUSDT,BUY,LIMIT,1702121213512,74.8,0.6911
XRPUSDT,BUY,LIMIT,1702121227984,36.0,0.6912
XRPUSDT,BUY,LIMIT,1702121229444,7.8,0.6917
XRPUSDT,BUY,LIMIT,1702121231256,59.8,0.6917
XRPUSDT,BUY,LIMIT,1702121239059,2584.3,0.6919
XRPUSDT,BUY,LIMIT,1702121243147,2183.9,0.6922
XRPUSDT,SELL,LIMIT,1702125075878,10.5,0.6796
XRPUSDT,SELL,LIMIT,1702125879555,729.8,0.6797
XRPUSDT,SELL,LIMIT,1702125883250,76.2,0.6808
XRPUSDT,BUY,LIMIT,1702127441542,290.2,0.6911
XRPUSDT,SELL,LIMIT,1702127623024,605.4,0.6833
XRPUSDT,BUY,LIMIT,1702127632021,327.8,0.6897
XRPUSDT,BUY,LIMIT,1702128450253,738.0,0.6918
XRPUSDT,BUY,LIMIT,1702128478347,7.5,0.6920
XRPUSDT,SELL,LIMIT,1702128684937,151.5,0.6819
XRPUSDT,BUY,LIMIT,1702128964327,131.8,0.6927
XRPUSDT,BUY,LIMIT,1702130232701,297.2,0.6921
XRPUSDT,BUY,LIMIT,1702130435089,867.8,0.6928
XRPUSDT,BUY,LIMIT,1702130436315,41.8,0.6931
XRPUSDT,BUY,LIMIT,1702130439930,534.8,0.6932
XRPUSDT,BUY,LIMIT,1702130455353,413.3,0.6936
XRPUSDT,BUY,LIMIT,1702130459786,26.1,0.6940
XRPUSDT,BUY,LIMIT,1702130492275,9.8,0.6941
XRPUSDT,BUY,LIMIT,1702130495108,1575.7,0.6942
XRPUSDT,BUY,LIMIT,1702130508579,50.1,0.6944
XRPUSDT,BUY,LIMIT,1702130966622,234.5,0.6937
XRPUSDT,BUY,LIMIT,1702131329394,2727.2,0.6948
XRPUSDT,BUY,LIMIT,1702131346280,31.9,0.6948
XRPUSDT,BUY,LIMIT,1702131350656,34.8,0.6950
XRPUSDT,BUY,LIMIT,1702131575979,57.3,0.6956
XRPUSDT,SELL,LIMIT,1702131693441,1209.0,0.6876
XRPUSDT,SELL,LIMIT,1702132597362,3626.0,0.6839
XRPUSDT,SELL,LIMIT,1702132603167,17.7,0.6834
XRPUSDT,SELL,LIMIT,1702132673587,98.5,0.6830
XRPUSDT,SELL,LIMIT,1702132685876,650.3,0.6824
XRPUSDT,SELL,LIMIT,1702132708928,139.5,0.6825
XRPUSDT,SELL,LIMIT,1702132740984,230.3,0.6833
XRPUSDT,SELL,LIMIT,1702132797916,14.4,0.6822
XRPUSDT,SELL,LIMIT,1702132821214,173.7,0.6824
XRPUSDT,SELL,LIMIT,1702132822296,2558.0,0.6823
XRPUSDT,SELL,LIMIT,1702132939030,1882.8,0.6819
XRPUSDT,SELL,LIMIT,1702132951657,148.6,0.6816
XRPUSDT,SELL,LIMIT,1702132952673,102.7,0.6811
XRPUSDT,SELL,LIMIT,1702132953751,7.9,0.6809
XRPUSDT,SELL,LIMIT,1702132955218,24.3,0.6807
XRPUSDT,SELL,LIMIT,1702132985285,18.4,0.6804
XRPUSDT,SELL,LIMIT,1702132989495,787.5,0.6802
XRPUSDT,SELL,LIMIT,1702132992918,2014.0,0.6798
XRPUSDT,SELL,LIMIT,1702132994089,519.6,0.6793
XRPUSDT,SELL,LIMIT,1702132995143,228.4,0.6791
XRPUSDT,SELL,LIMIT,1702132996582,901.8,0.6790
XRPUSDT,SELL,LIMIT,1702133000399,1185.2,0.6783
XRPUSDT,SELL,LIMIT,1702133001941,204.9,0.6785
XRPUSDT,SELL,LIMIT,1702133002980,4827.2,0.6782
XRPUSDT,SELL,LIMIT,1702133004096,282.9,0.6780
XRPUSDT,SELL,LIMIT,1702133005359,2146.0,0.6773
XRPUSDT,SELL,LIMIT,1702133006400,101.4,0.6774
XRPUSDT,SELL,LIMIT,1702133007608,4187.8,0.6785
XRPUSDT,SELL,LIMIT,1702133009131,579.6,0.6762
XRPUSDT,SELL,LIMIT,1702133010330,2907.8,0.6761
XRPUSDT,SELL,LIMIT,1702133016620,233.1,0.6804
XRPUSDT,SELL,LIMIT,1702133315135,49.3,0.6754
XRPUSDT,SELL,LIMIT,1702133316229,1498.6,0.6757
XRPUSDT,SELL,LIMIT,1702133323677,253.9,0.6751
XRPUSDT,SELL,LIMIT,1702133325169,14.6,0.6749
XRPUSDT,SELL,LIMIT,1702133326311,175.2,0.6750
XRPUSDT,SELL,LIMIT,1702133327400,4710.3,0.6748
XRPUSDT,SELL,LIMIT,1702133331936,1034.6,0.6744
XRPUSDT,SELL,LIMIT,1702133358500,158.7,0.6739
XRPUSDT,SELL,LIMIT,1702133359638,1519.8,0.6742
XRPUSDT,SELL,LIMIT,1702133360639,1541.4,0.6738
XRPUSDT,SELL,LIMIT,1702133370126,31.9,0.6735
XRPUSDT,SELL,LIMIT,1702133371877,639.8,0.6734
XRPUSDT,SELL,LIMIT,1702133372981,350.6,0.6731
XRPUSDT,SELL,LIMIT,1702133374375,87.8,0.6730
XRPUSDT,SELL,LIMIT,1702133377145,67.7,0.6748
XRPUSDT,SELL,LIMIT,1702133378175,17454.7,0.6717
XRPUSDT,BUY,LIMIT,1702133392250,1268.6,0.6797
XRPUSDT,SELL,LIMIT,1702133394107,15.1,0.6710
XRPUSDT,SELL,LIMIT,1702133395158,300.0,0.6715
XRPUSDT,SELL,LIMIT,1702133396268,1206.6,0.6710
XRPUSDT,SELL,LIMIT,1702133457094,2285.5,0.6697
XRPUSDT,SELL,LIMIT,1702133458195,756.3,0.6709
