Symbol,Side,Order Type,Time,Quantity,Price
XRPUSDT,SELL,LIMIT,1700991071837,8.9,0.6172
XRPUSDT,BUY,LIMIT,1700995747249,1728.9,0.6271
XRPUSDT,BUY,LIMIT,1700995751043,10.2,0.6272
XRPUSDT,BUY,LIMIT,1700995752506,2504.4,0.6272
XRPUSDT,BUY,LIMIT,1700995760048,29.4,0.6275
XRPUSDT,BUY,LIMIT,1700995761373,2002.5,0.6276
XRPUSDT,BUY,LIMIT,1700995765030,21.9,0.6283
XRPUSDT,BUY,LIMIT,1700995766047,9.4,0.6283
XRPUSDT,BUY,LIMIT,1700995767166,9.9,0.6290
XRPUSDT,BUY,LIMIT,1700995769568,946.0,0.6292
XRPUSDT,BUY,LIMIT,1700995777556,472.4,0.6294
XRPUSDT,BUY,LIMIT,1700995779037,1036.3,0.6294
XRPUSDT,BUY,LIMIT,1700995780248,1937.2,0.6295
XRPUSDT,BUY,LIMIT,1700995782779,8411.8,0.6302
XRPUSDT,BUY,LIMIT,1700995784075,4554.7,0.6303
XRPUSDT,BUY,LIMIT,1700995785494,1363.2,0.6302
XRPUSDT,BUY,LIMIT,1700995786522,255.6,0.6304
XRPUSDT,BUY,LIMIT,1700995787742,13.3,0.6305
XRPUSDT,BUY,LIMIT,1700995790849,556.4,0.6304
XRPUSDT,BUY,LIMIT,1700995791937,631.3,0.6307
XRPUSDT,BUY,LIMIT,1700995793877,416.4,0.6308
XRPUSDT,BUY,LIMIT,1700995794942,70.8,0.6312
XRPUSDT,BUY,LIMIT,1700995795951,8082.7,0.6318
XRPUSDT,BUY,LIMIT,1700995796959,23.6,0.6320
XRPUSDT,BUY,LIMIT,1700995798099,636.3,0.6325
XRPUSDT,BUY,LIMIT,1700995799162,6446.4,0.6326
XRPUSDT,BUY,LIMIT,1700995803158,15.4,0.6331
XRPUSDT,BUY,LIMIT,1700995805048,27.0,0.6337
XRPUSDT,BUY,LIMIT,1700995806049,63.4,0.6331
XRPUSDT,BUY,LIMIT,1700995810052,575.4,0.6341
XRPUSDT,BUY,LIMIT,1700995811226,8.6,0.6341
XRPUSDT,BUY,LIMIT,1700995870271,18.6,0.6345
XRPUSDT,BUY,LIMIT,1700995872034,18074.3,0.6353
XRPUSDT,BUY,LIMIT,1700995873166,472.0,0.6357
XRPUSDT,BUY,LIMIT,1700995874191,76.5,0.6354
XRPUSDT,BUY,LIMIT,1700995875195,54.8,0.6365
XRPUSDT,BUY,LIMIT,1700995880331,4000.0,0.6366
XRPUSDT,BUY,LIMIT,1700995881499,113911.3,0.6413
XRPUSDT,BUY,LIMIT,1700995882604,19468.1,0.6375
XRPUSDT,BUY,LIMIT,1700995884041,6840.2,0.6375
XRPUSDT,BUY,LIMIT,1700996040269,188.5,0.6381
XRPUSDT,BUY,LIMIT,1700996041473,2865.0,0.6384
XRPUSDT,BUY,LIMIT,1700996075125,145.4,0.6387
XRPUSDT,BUY,LIMIT,1700996076384,676.5,0.6389
XRPUSDT,BUY,LIMIT,1700996079027,42.9,0.6390
XRPUSDT,BUY,LIMIT,1700996082231,2086.7,0.6391
XRPUSDT,SELL,LIMIT,1700996828467,2278.0,0.6274
XRPUSDT,SELL,LIMIT,1700996830023,453.9,0.6273
XRPUSDT,SELL,LIMIT,1700996838987,2237.3,0.6269
XRPUSDT,SELL,LIMIT,1700996863403,1240.5,0.6266
XRPUSDT,SELL,LIMIT,1700996867069,40.0,0.6264
XRPUSDT,SELL,LIMIT,1700997002778,3691.8,0.6262
XRPUSDT,SELL,LIMIT,1700997026216,3376.9,0.6257
XRPUSDT,SELL,LIMIT,1700997027449,302.7,0.6256
XRPUSDT,SELL,LIMIT,1700997032393,171.2,0.6255
XRPUSDT,SELL,LIMIT,1700999219279,90.2,0.6277
XRPUSDT,BUY,LIMIT,1701001159442,1118.0,0.6368
XRPUSDT,BUY,LIMIT,1701001180462,1635.7,0.6371
XRPUSDT,BUY,LIMIT,1701001297523,797.0,0.6379
XRPUSDT,BUY,LIMIT,1701001299190,769.1,0.6380
XRPUSDT,BUY,LIMIT,1701001332219,532.0,0.6382
XRPUSDT,BUY,LIMIT,1701001345366,12.6,0.6385
XRPUSDT,BUY,LIMIT,1701001351294,1024.3,0.6390
XRPUSDT,BUY,LIMIT,1701001364436,4045.6,0.6392
XRPUSDT,BUY,LIMIT,1701001365504,5820.7,0.6400
XRPUSDT,BUY,LIMIT,1701001367328,3902.4,0.6402
XRPUSDT,BUY,LIMIT,1701001368371,5959.1,0.6404
XRPUSDT,BUY,LIMIT,1701001392924,2083.4,0.6403
XRPUSDT,SELL,LIMIT,1701001503338,4500.0,0.6371
XRPUSDT,BUY,LIMIT,1701002067366,84.3,0.6379
XRPUSDT,SELL,LIMIT,1701002363656,229.6,0.6292
XRPUSDT,SELL,LIMIT,1701003064131,935.2,0.6284
XRPUSDT,SELL,LIMIT,1701003067251,1881.3,0.6283
XRPUSDT,SELL,LIMIT,1701004478806,900.0,0.6287
XRPUSDT,SELL,LIMIT,1701005039676,7866.5,0.6273
XRPUSDT,SELL,LIMIT,1701005079706,1812.0,0.6276
XRPUSDT,SELL,LIMIT,1701005083214,489.0,0.6267
XRPUSDT,SELL,LIMIT,1701005108799,1550.8,0.6265
XRPUSDT,SELL,LIMIT,1701005118055,824.8,0.6264
XRPUSDT,SELL,LIMIT,1701005144051,1300.6,0.6264
XRPUSDT,SELL,LIMIT,1701006098073,1961.4,0.6262
XRPUSDT,SELL,LIMIT,1701006099387,15.7,0.6262
XRPUSDT,SELL,LIMIT,1701006103196,31.5,0.6261
XRPUSDT,SELL,LIMIT,1701006104244,499.5,0.6261
XRPUSDT,SELL,LIMIT,1701006116011,267.8,0.6261
XRPUSDT,SELL,LIMIT,1701006124106,501.7,0.6258
XRPUSDT,SELL,LIMIT,1701006125235,198.2,0.6256
XRPUSDT,SELL,LIMIT,1701006127186,13.5,0.6250
XRPUSDT,SELL,LIMIT,1701006128204,24.6,0.6249
XRPUSDT,SELL,LIMIT,1701006152187,316.6,0.6247
XRPUSDT,SELL,LIMIT,1701006153367,353.4,0.6247
XRPUSDT,SELL,LIMIT,1701006199186,1145.8,0.6243
XRPUSDT,SELL,LIMIT,1701006218592,2208.0,0.6249
XRPUSDT,SELL,LIMIT,1701006951060,2394.2,0.6242
XRPUSDT,SELL,LIMIT,1701006952653,16.6,0.6241
XRPUSDT,SELL,LIMIT,1701006954554,7940.2,0.6242
XRPUSDT,SELL,LIMIT,1701007530555,2505.2,0.6240
XRPUSDT,SELL,LIMIT,1701008178080,724.4,0.6241
XRPUSDT,SELL,LIMIT,1701008180642,71.1,0.6256
XRPUSDT,SELL,LIMIT,1701008220180,11836.8,0.6238
XRPUSDT,SELL,LIMIT,1701008225126,3913.6,0.6310
XRPUSDT,SELL,LIMIT,1701008310163,9.9,0.6238
XRPUSDT,SELL,LIMIT,1701008315197,642.7,0.6236
XRPUSDT,SELL,LIMIT,1701008316251,61.3,0.6236
XRPUSDT,SELL,LIMIT,1701008318206,7854.5,0.6234
XRPUSDT,SELL,LIMIT,1701008319222,948.8,0.6233
XRPUSDT,SELL,LIMIT,1701008320723,62.1,0.6233
XRPUSDT,SELL,LIMIT,1701008408593,39.1,0.6230
XRPUSDT,SELL,LIMIT,1701008411846,1912.1,0.6231
XRPUSDT,SELL,LIMIT,1701008413210,297.9,0.6229
XRPUSDT,SELL,LIMIT,1701008415091,815.9,0.6228
XRPUSDT,SELL,LIMIT,1701008416162,201.0,0.6227
XRPUSDT,SELL,LIMIT,1701008438049,1002.5,0.6224
XRPUSDT,SELL,LIMIT,1701008439072,199.8,0.6224
XRPUSDT,SELL,LIMIT,1701008440107,413.1,0.6236
XRPUSDT,SELL,LIMIT,1701008441152,4401.5,0.6223
XRPUSDT,SELL,LIMIT,1701008443261,994.5,0.6221
XRPUSDT,SELL,LIMIT,1701008446209,3874.6,0.6217
XRPUSDT,SELL,LIMIT,1701008448055,73.7,0.6220
XRPUSDT,SELL,LIMIT,1701008450349,158.9,0.6223
XRPUSDT,SELL,LIMIT,1701008453157,586.0,0.6216
XRPUSDT,SELL,LIMIT,1701008825251,9.8,0.6215
XRPUSDT,SELL,LIMIT,1701008826433,119.3,0.6215
XRPUSDT,SELL,LIMIT,1701008827560,1129.8,0.6213
XRPUSDT,SELL,LIMIT,1701008828587,98.3,0.6212
XRPUSDT,SELL,LIMIT,1701008832203,8.8,0.6209
XRPUSDT,SELL,LIMIT,1701008833292,948.2,0.6211
XRPUSDT,SELL,LIMIT,1701008844699,736.8,0.6207
XRPUSDT,SELL,LIMIT,1701008927474,575.6,0.6205
XRPUSDT,SELL,LIMIT,1701008941018,7951.4,0.6204
XRPUSDT,SELL,LIMIT,1701008942407,7220.0,0.6203
XRPUSDT,SELL,LIMIT,1701008943297,7907.6,0.6202
XRPUSDT,SELL,LIMIT,1701008944377,445.6,0.6201
XRPUSDT,SELL,LIMIT,1701008946672,3982.1,0.6196
XRPUSDT,SELL,LIMIT,1701008948225,250.8,0.6195
XRPUSDT,SELL,LIMIT,1701009011671,3596.7,0.6197
XRPUSDT,SELL,LIMIT,1701009013346,223.9,0.6194
XRPUSDT,SELL,LIMIT,1701009014480,1431.5,0.6194
XRPUSDT,SELL,LIMIT,1701009016322,6440.2,0.6185
XRPUSDT,SELL,LIMIT,1701009017396,687.0,0.6181
XRPUSDT,SELL,LIMIT,1701009019328,1205.7,0.6182
XRPUSDT,SELL,LIMIT,1701009261335,81.8,0.6185
XRPUSDT,SELL,LIMIT,1701009263873,4.9,0.6183
XRPUSDT,SELL,LIMIT,1701009266265,6654.9,0.6183
XRPUSDT,SELL,LIMIT,1701009276129,1794.8,0.6179
XRPUSDT,SELL,LIMIT,1701009277533,15750.8,0.6176
XRPUSDT,SELL,LIMIT,1701009278709,172.1,0.6177
XRPUSDT,SELL,LIMIT,1701009284260,56.8,0.6175
XRPUSDT,SELL,LIMIT,1701009285515,781.8,0.6171
XRPUSDT,SELL,LIMIT,1701009286566,64.0,0.6168
XRPUSDT,SELL,LIMIT,1701009287689,1442.5,0.6167
XRPUSDT,SELL,LIMIT,1701009288693,7992.1,0.6161
XRPUSDT,SELL,LIMIT,1701009290155,777.9,0.6164
XRPUSDT,SELL,LIMIT,1701010913667,713.9,0.6198
XRPUSDT,SELL,LIMIT,1701013443267,7521.7,0.6209
XRPUSDT,SELL,LIMIT,1701013506641,20.8,0.6252
XRPUSDT,SELL,LIMIT,1701013944426,5890.6,0.6192
XRPUSDT,SELL,LIMIT,1701013958091,485.6,0.6187
XRPUSDT,SELL,LIMIT,1701014031396,2944.0,0.6185
XRPUSDT,SELL,LIMIT,1701014041383,2251.9,0.6182
XRPUSDT,SELL,LIMIT,1701014043192,5000.0,0.6198
XRPUSDT,SELL,LIMIT,1701014058087,44.1,0.6180
XRPUSDT,SELL,LIMIT,1701014059269,3857.7,0.6180
XRPUSDT,SELL,LIMIT,1701014060322,50.8,0.6180
XRPUSDT,SELL,LIMIT,1701014816067,336.3,0.6199
XRPUSDT,BUY,LIMIT,1701014861820,378.3,0.6241
XRPUSDT,BUY,LIMIT,1701014885307,583.8,0.6259
XRPUSDT,SELL,LIMIT,1701014921311,16.7,0.6201
XRPUSDT,SELL,LIMIT,1701014948272,551.4,0.6207
XRPUSDT,SELL,LIMIT,1701015638954,85.7,0.6195
XRPUSDT,SELL,LIMIT,1701015644389,160.4,0.6186
XRPUSDT,SELL,LIMIT,1701015670673,281.5,0.6192
XRPUSDT,SELL,LIMIT,1701015682352,34.0,0.6179
XRPUSDT,SELL,LIMIT,1701015684245,24.6,0.6177
XRPUSDT,SELL,LIMIT,1701015685207,1602.7,0.6178
XRPUSDT,SELL,LIMIT,1701015736456,3994.1,0.6174
XRPUSDT,SELL,LIMIT,1701015740226,11913.6,0.6171
XRPUSDT,SELL,LIMIT,1701015742292,215.8,0.6173
XRPUSDT,SELL,LIMIT,1701015746236,20.0,0.6173
XRPUSDT,SELL,LIMIT,1701015747981,22.1,0.6171
XRPUSDT,SELL,LIMIT,1701015750017,205.7,0.6171
XRPUSDT,SELL,LIMIT,1701015758146,1192.2,0.6169
XRPUSDT,SELL,LIMIT,1701015759507,220.4,0.6167
XRPUSDT,SELL,LIMIT,1701015761160,100.0,0.6164
XRPUSDT,SELL,LIMIT,1701015762290,140.0,0.6165
XRPUSDT,SELL,LIMIT,1701015763779,9.5,0.6165
XRPUSDT,SELL,LIMIT,1701015803143,495.5,0.6162
XRPUSDT,SELL,LIMIT,1701015804515,975.2,0.6161
XRPUSDT,SELL,LIMIT,1701015806077,131.2,0.6212
XRPUSDT,SELL,LIMIT,1701015838523,54.6,0.6159
XRPUSDT,SELL,LIMIT,1701015840311,1198.2,0.6156
XRPUSDT,SELL,LIMIT,1701015841315,4025.1,0.6155
XRPUSDT,SELL,LIMIT,1701015842329,8518.1,0.6154
XRPUSDT,SELL,LIMIT,1701015857541,757.9,0.6154
XRPUSDT,SELL,LIMIT,1701015859644,303.2,0.6154
XRPUSDT,SELL,LIMIT,1701015860876,1265.6,0.6153
XRPUSDT,SELL,LIMIT,1701015862094,2276.3,0.6153
XRPUSDT,SELL,LIMIT,1701015866591,2000.0,0.6153
XRPUSDT,SELL,LIMIT,1701015869318,1323.0,0.6152
XRPUSDT,SELL,LIMIT,1701015870342,8095.1,0.6151
XRPUSDT,SELL,LIMIT,1701015872040,15.0,0.6149
XRPUSDT,SELL,LIMIT,1701015873069,89.2,0.6150
XRPUSDT,SELL,LIMIT,1701015874105,2548.5,0.6140
XRPUSDT,SELL,LIMIT,1701015875155,973.2,0.6141
XRPUSDT,SELL,LIMIT,1701015910563,7234.7,0.6144
XRPUSDT,SELL,LIMIT,1701016001224,20.8,0.6140
XRPUSDT,SELL,LIMIT,1701016009396,1675.8,0.6140
XRPUSDT,SELL,LIMIT,1701016010477,46.7,0.6138
XRPUSDT,SELL,LIMIT,1701016012131,14.6,0.6135
XRPUSDT,SELL,LIMIT,1701016013171,129146.6,0.6085
XRPUSDT,SELL,LIMIT,1701016014215,24.1,0.6124
XRPUSDT,SELL,LIMIT,1701016015224,900.0,0.6096
XRPUSDT,SELL,LIMIT,1701016019324,19.6,0.6108
XRPUSDT,SELL,LIMIT,1701016021777,31.7,0.6108
XRPUSDT,SELL,LIMIT,1701016024671,1018.5,0.6095
XRPUSDT,SELL,LIMIT,1701016026080,169.5,0.6089
XRPUSDT,SELL,LIMIT,1701016027243,11953.8,0.6089
XRPUSDT,SELL,LIMIT,1701016031685,1579.7,0.6102
XRPUSDT,SELL,LIMIT,1701016034658,15533.4,0.6093
XRPUSDT,SELL,LIMIT,1701016036595,1259.6,0.6093
XRPUSDT,SELL,LIMIT,1701016038428,2235.6,0.6089
XRPUSDT,SELL,LIMIT,1701016041131,46000.0,0.6069
XRPUSDT,SELL,LIMIT,1701016042588,564.1,0.6086
XRPUSDT,SELL,LIMIT,1701016044099,11102.6,0.6070
XRPUSDT,SELL,LIMIT,1701016044978,104.5,0.6078
XRPUSDT,SELL,LIMIT,1701016045813,73.7,0.6071
XRPUSDT,SELL,LIMIT,1701016046735,234.2,0.6065
XRPUSDT,SELL,LIMIT,1701016047441,1071.4,0.6062
XRPUSDT,SELL,LIMIT,1701016048246,3073.0,0.6050
XRPUSDT,SELL,LIMIT,1701016049094,3372.9,0.6048
XRPUSDT,SELL,LIMIT,1701016086367,161.1,0.6069
XRPUSDT,BUY,LIMIT,1701016090277,4528.7,0.6126
XRPUSDT,SELL,LIMIT,1701016098417,1363.5,0.6055
XRPUSDT,SELL,LIMIT,1701016099897,12486.0,0.6047
XRPUSDT,SELL,LIMIT,1701016101145,6.4,0.6069
XRPUSDT,SELL,LIMIT,1701016102314,1035.6,0.6051
XRPUSDT,SELL,LIMIT,1701016103311,29.1,0.6049
XRPUSDT,SELL,LIMIT,1701016269959,1005.3,0.6097
XRPUSDT,BUY,LIMIT,1701016745815,894.3,0.6170
XRPUSDT,SELL,LIMIT,1701016837401,805.9,0.6167
XRPUSDT,SELL,LIMIT,1701017458728,5846.4,0.6087
XRPUSDT,SELL,LIMIT,1701017496963,1108.3,0.6085
XRPUSDT,BUY,LIMIT,1701019010131,112.2,0.6176
XRPUSDT,BUY,LIMIT,1701020044959,664.6,0.6190
XRPUSDT,BUY,LIMIT,1701020117087,674.2,0.6195
XRPUSDT,BUY,LIMIT,1701020262682,312.3,0.6196
XRPUSDT,BUY,LIMIT,1701020301873,25.4,0.6197
XRPUSDT,BUY,LIMIT,1701020319629,5933.1,0.6197
XRPUSDT,BUY,LIMIT,1701022346008,917.2,0.6205
XRPUSDT,BUY,LIMIT,1701028727034,1046.8,0.6211
XRPUSDT,BUY,LIMIT,1701028729428,82.7,0.6211
XRPUSDT,BUY,LIMIT,1701030667337,39.1,0.6212
XRPUSDT,BUY,LIMIT,1701030671982,84.3,0.6212
XRPUSDT,BUY,LIMIT,1701031262778,79.7,0.6216
XRPUSDT,BUY,LIMIT,1701031591456,615.8,0.6221
XRPUSDT,BUY,LIMIT,1701031601159,666.7,0.6222
XRPUSDT,BUY,LIMIT,1701031658355,1623.2,0.6223
XRPUSDT,BUY,LIMIT,1701031670303,11.5,0.6224
XRPUSDT,BUY,LIMIT,1701031671341,10.9,0.6225
XRPUSDT,BUY,LIMIT,1701031676097,136.4,0.6225
XRPUSDT,BUY,LIMIT,1701031746164,13.1,0.6229
XRPUSDT,SELL,LIMIT,1701036307134,13.7,0.6218
XRPUSDT,BUY,LIMIT,1701036374918,487.5,0.6220
XRPUSDT,SELL,LIMIT,1701043560729,13.2,0.6117
XRPUSDT,SELL,LIMIT,1701043562139,63.1,0.6116
XRPUSDT,SELL,LIMIT,1701043564314,2746.2,0.6115
XRPUSDT,SELL,LIMIT,1701043619688,5728.8,0.6115
XRPUSDT,SELL,LIMIT,1701045805463,1.7,1.4507
XRPUSDT,SELL,LIMIT,1701046748591,247.6,0.6111
XRPUSDT,SELL,LIMIT,1701047185696,1587.0,0.6124
XRPUSDT,SELL,LIMIT,1701048125034,2253.4,0.6108
XRPUSDT,SELL,LIMIT,1701048128424,12.2,0.6108
XRPUSDT,SELL,LIMIT,1701048233721,148.4,0.6107
XRPUSDT,SELL,LIMIT,1701048236225,39.8,0.6106
XRPUSDT,SELL,LIMIT,1701048237239,459.4,0.6105
XRPUSDT,SELL,LIMIT,1701048238537,7876.4,0.6104
XRPUSDT,SELL,LIMIT,1701048521082,43.3,0.6115
XRPUSDT,SELL,LIMIT,1701049518405,1454.4,0.6103
XRPUSDT,SELL,LIMIT,1701049523382,1375.8,0.6102
XRPUSDT,SELL,LIMIT,1701049527266,1536.9,0.6101
XRPUSDT,SELL,LIMIT,1701049530145,10.2,0.6100
XRPUSDT,SELL,LIMIT,1701049532248,768.7,0.6099
XRPUSDT,SELL,LIMIT,1701049533529,137.5,0.6099
XRPUSDT,SELL,LIMIT,1701049542300,1133.0,0.6098
XRPUSDT,SELL,LIMIT,1701049543322,223.6,0.6098
XRPUSDT,SELL,LIMIT,1701049544489,73.6,0.6096
XRPUSDT,SELL,LIMIT,1701049547225,15.7,0.6094
XRPUSDT,SELL,LIMIT,1701049552376,8009.2,0.6094
XRPUSDT,SELL,LIMIT,1701049554446,10.5,0.6092
XRPUSDT,SELL,LIMIT,1701049562238,5538.1,0.6089
XRPUSDT,SELL,LIMIT,1701050567815,227.9,0.6089
XRPUSDT,SELL,LIMIT,1701050654429,8082.5,0.6090
XRPUSDT,SELL,LIMIT,1701050764234,143.6,0.6087
XRPUSDT,SELL,LIMIT,1701050767206,81.4,0.6086
XRPUSDT,SELL,LIMIT,1701050768273,373.4,0.6086
XRPUSDT,SELL,LIMIT,1701050770666,323.2,0.6086
XRPUSDT,SELL,LIMIT,1701050794111,8103.6,0.6085
XRPUSDT,SELL,LIMIT,1701050796118,136.1,0.6085
XRPUSDT,SELL,LIMIT,1701050797187,273.5,0.6085
XRPUSDT,SELL,LIMIT,1701050802118,1726.8,0.6084
XRPUSDT,SELL,LIMIT,1701050842377,19.3,0.6084
XRPUSDT,SELL,LIMIT,1701050848867,13.7,0.6084
XRPUSDT,SELL,LIMIT,1701050863543,62.5,0.6083
XRPUSDT,SELL,LIMIT,1701050871149,2136.0,0.6081
XRPUSDT,SELL,LIMIT,1701051361140,4672.8,0.6077
XRPUSDT,SELL,LIMIT,1701051368889,20.5,0.6077
XRPUSDT,SELL,LIMIT,1701052282885,25698.7,0.6072
XRPUSDT,SELL,LIMIT,1701052558066,106.8,0.6085
XRPUSDT,SELL,LIMIT,1701052639188,7987.2,0.6084
XRPUSDT,SELL,LIMIT,1701052646115,1569.1,0.6074
XRPUSDT,SELL,LIMIT,1701052647306,1217.9,0.6073
XRPUSDT,SELL,LIMIT,1701052648371,2412.9,0.6072
XRPUSDT,SELL,LIMIT,1701052649897,33.3,0.6070
XRPUSDT,SELL,LIMIT,1701052650926,1883.4,0.6070
XRPUSDT,SELL,LIMIT,1701052811705,2460.9,0.6070
XRPUSDT,SELL,LIMIT,1701052854141,549.4,0.6067
XRPUSDT,SELL,LIMIT,1701052855805,46.4,0.6066
XRPUSDT,SELL,LIMIT,1701052867428,16175.9,0.6061
XRPUSDT,SELL,LIMIT,1701052870115,557.9,0.6062
XRPUSDT,SELL,LIMIT,1701052871149,2068.3,0.6063
XRPUSDT,SELL,LIMIT,1701052880553,2420.9,0.6061
XRPUSDT,SELL,LIMIT,1701053101080,24.4,0.6062
XRPUSDT,SELL,LIMIT,1701053170223,100.6,0.6060
XRPUSDT,SELL,LIMIT,1701053185610,5662.5,0.6059
XRPUSDT,SELL,LIMIT,1701053196385,1010.7,0.6059
XRPUSDT,SELL,LIMIT,1701053615071,1552.9,0.6057
XRPUSDT,SELL,LIMIT,1701053616081,3196.6,0.6057
XRPUSDT,SELL,LIMIT,1701053618150,395.1,0.6054
XRPUSDT,SELL,LIMIT,1701054388998,149.3,0.6059
XRPUSDT,SELL,LIMIT,1701054445151,8054.6,0.6053
XRPUSDT,SELL,LIMIT,1701054446524,211.2,0.6051
XRPUSDT,SELL,LIMIT,1701054447663,713.3,0.6050
XRPUSDT,SELL,LIMIT,1701054461205,156.2,0.6048
XRPUSDT,SELL,LIMIT,1701054466579,1639.0,0.6047
XRPUSDT,SELL,LIMIT,1701054468108,851.5,0.6047
XRPUSDT,SELL,LIMIT,1701054469142,103.0,0.6044
XRPUSDT,SELL,LIMIT,1701054470201,11816.3,0.6041
XRPUSDT,SELL,LIMIT,1701054471217,148.1,0.6043
XRPUSDT,SELL,LIMIT,1701054473042,100.8,0.6039
XRPUSDT,SELL,LIMIT,1701054474070,942.3,0.6038
XRPUSDT,SELL,LIMIT,1701054475190,322.7,0.6037
XRPUSDT,SELL,LIMIT,1701054483189,7794.7,0.6036
XRPUSDT,SELL,LIMIT,1701054484208,1090.8,0.6035
XRPUSDT,SELL,LIMIT,1701054485297,580.0,0.6033
XRPUSDT,BUY,LIMIT,1701055191998,16.3,0.6107
XRPUSDT,SELL,LIMIT,1701055753075,4118.8,0.6045
XRPUSDT,SELL,LIMIT,1701055754235,5667.5,0.6045
XRPUSDT,SELL,LIMIT,1701055755250,808.4,0.6045
XRPUSDT,BUY,LIMIT,1701055860075,77.2,0.6101
XRPUSDT,SELL,LIMIT,1701056051484,7802.3,0.6086
XRPUSDT,SELL,LIMIT,1701056055067,237.0,0.6036
XRPUSDT,SELL,LIMIT,1701056060777,8140.8,0.6035
XRPUSDT,SELL,LIMIT,1701056128050,5083.8,0.6033
XRPUSDT,SELL,LIMIT,1701056136278,51.4,0.6032
XRPUSDT,SELL,LIMIT,1701056140109,9691.1,0.6030
XRPUSDT,SELL,LIMIT,1701056141160,95.1,0.6030
XRPUSDT,SELL,LIMIT,1701056142647,105.5,0.6030
XRPUSDT,SELL,LIMIT,1701056176212,1279.4,0.6030
XRPUSDT,SELL,LIMIT,1701056212382,4322.4,0.6030
XRPUSDT,SELL,LIMIT,1701056215092,161.8,0.6028
XRPUSDT,SELL,LIMIT,1701056216210,8.9,0.6028
XRPUSDT,SELL,LIMIT,1701056217641,1479.2,0.6026
XRPUSDT,SELL,LIMIT,1701056245135,211.7,0.6027
XRPUSDT,SELL,LIMIT,1701056246069,2785.2,0.6026
XRPUSDT,SELL,LIMIT,1701056247212,624.2,0.6025
XRPUSDT,SELL,LIMIT,1701056248281,72.5,0.6025
XRPUSDT,SELL,LIMIT,1701056249283,268.9,0.6024
XRPUSDT,SELL,LIMIT,1701058959267,161.6,0.6062
XRPUSDT,BUY,LIMIT,1701060409900,5858.0,0.6139
XRPUSDT,SELL,LIMIT,1701064022916,267.8,0.6050
