Symbol,Side,Order Type,Time,Quantity,Price
XRPUSDT,SELL,LIMIT,1701067324679,604.0,0.6053
XRPUSDT,SELL,LIMIT,1701067557685,50.0,0.6052
XRPUSDT,SELL,LIMIT,1701067645931,957.8,0.6049
XRPUSDT,SELL,LIMIT,1701067720005,336.7,0.6047
XRPUSDT,SELL,LIMIT,1701067747118,16.8,0.6074
XRPUSDT,SELL,LIMIT,1701067750364,587.1,0.6061
XRPUSDT,SELL,LIMIT,1701067869927,960.6,0.6041
XRPUSDT,SELL,LIMIT,1701068052167,898.1,0.6059
XRPUSDT,BUY,LIMIT,1701068054068,13.7,0.6119
XRPUSDT,SELL,LIMIT,1701068286685,239.5,0.6042
XRPUSDT,SELL,LIMIT,1701068376479,8156.6,0.6047
XRPUSDT,SELL,LIMIT,1701068996194,1359.4,0.6053
XRPUSDT,SELL,LIMIT,1701069014950,1128.7,0.6054
XRPUSDT,SELL,LIMIT,1701069210455,3994.9,0.6068
XRPUSDT,SELL,LIMIT,1701069525098,2268.2,0.6044
XRPUSDT,SELL,LIMIT,1701069548063,45.2,0.6042
XRPUSDT,SELL,LIMIT,1701069554451,560.7,0.6040
XRPUSDT,SELL,LIMIT,1701069556120,16.4,0.6039
XRPUSDT,SELL,LIMIT,1701069560802,59.2,0.6037
XRPUSDT,SELL,LIMIT,1701069632929,239.6,0.6037
XRPUSDT,SELL,LIMIT,1701069634180,640.1,0.6036
XRPUSDT,SELL,LIMIT,1701069668271,239.7,0.6033
XRPUSDT,SELL,LIMIT,1701069760565,1560.8,0.6032
XRPUSDT,SELL,LIMIT,1701069795231,782.7,0.6040
XRPUSDT,SELL,LIMIT,1701069797577,588.8,0.6035
XRPUSDT,SELL,LIMIT,1701069803453,861.6,0.6030
XRPUSDT,SELL,LIMIT,1701069808010,8888.0,0.6036
XRPUSDT,SELL,LIMIT,1701069823606,647.4,0.6028
XRPUSDT,SELL,LIMIT,1701069832164,95.0,0.6028
XRPUSDT,SELL,LIMIT,1701069859638,8.2,0.6027
XRPUSDT,SELL,LIMIT,1701069870381,1447.5,0.6026
XRPUSDT,SELL,LIMIT,1701069878814,36977.5,0.6010
XRPUSDT,SELL,LIMIT,1701069880487,1300.0,0.6025
XRPUSDT,SELL,LIMIT,1701069882098,142.9,0.6024
XRPUSDT,SELL,LIMIT,1701069883182,572.0,0.6023
XRPUSDT,SELL,LIMIT,1701069885098,120.8,0.6023
XRPUSDT,SELL,LIMIT,1701069886113,22.8,0.6022
XRPUSDT,SELL,LIMIT,1701069887155,1244.0,0.6022
XRPUSDT,SELL,LIMIT,1701069888164,210.8,0.6020
XRPUSDT,SELL,LIMIT,1701069889171,71.5,0.6017
XRPUSDT,SELL,LIMIT,1701069894192,16.1,0.6015
XRPUSDT,SELL,LIMIT,1701069896097,4176.2,0.6014
XRPUSDT,SELL,LIMIT,1701069897196,88.0,0.6024
XRPUSDT,SELL,LIMIT,1701069898245,59.1,0.6012
XRPUSDT,SELL,LIMIT,1701069899254,75876.9,0.5988
XRPUSDT,SELL,LIMIT,1701069900277,2825.8,0.6012
XRPUSDT,SELL,LIMIT,1701069901301,979.6,0.6010
XRPUSDT,SELL,LIMIT,1701070063343,355.4,0.6010
XRPUSDT,SELL,LIMIT,1701070064395,1790.6,0.6010
XRPUSDT,SELL,LIMIT,1701070094774,1043.5,0.6010
XRPUSDT,SELL,LIMIT,1701070099124,4251.6,0.6009
XRPUSDT,SELL,LIMIT,1701070105520,5517.7,0.6009
XRPUSDT,SELL,LIMIT,1701070108553,96.3,0.6008
XRPUSDT,SELL,LIMIT,1701070110096,9.4,0.6008
XRPUSDT,SELL,LIMIT,1701070112819,440.1,0.6007
XRPUSDT,SELL,LIMIT,1701070114437,575.5,0.6007
XRPUSDT,SELL,LIMIT,1701070116070,13.1,0.6006
XRPUSDT,SELL,LIMIT,1701070121124,563.3,0.6006
XRPUSDT,SELL,LIMIT,1701070144243,8216.9,0.6006
XRPUSDT,SELL,LIMIT,1701070145265,293.9,0.6005
XRPUSDT,SELL,LIMIT,1701070156399,196.7,0.6005
XRPUSDT,SELL,LIMIT,1701070158169,134.2,0.6004
XRPUSDT,SELL,LIMIT,1701070159171,472.5,0.6003
XRPUSDT,SELL,LIMIT,1701070160185,72.4,0.6003
XRPUSDT,SELL,LIMIT,1701070161562,500.0,0.6002
XRPUSDT,SELL,LIMIT,1701070162674,794.4,0.6002
XRPUSDT,SELL,LIMIT,1701070166833,260.2,0.6001
XRPUSDT,SELL,LIMIT,1701070167896,1723.2,0.5999
XRPUSDT,SELL,LIMIT,1701070169151,110.0,0.5998
XRPUSDT,SELL,LIMIT,1701070170177,242.4,0.5998
XRPUSDT,SELL,LIMIT,1701070171349,1589.6,0.5995
XRPUSDT,SELL,LIMIT,1701070172343,546.9,0.5996
XRPUSDT,SELL,LIMIT,1701070174167,123.2,0.5993
XRPUSDT,SELL,LIMIT,1701070438020,158.5,0.5992
XRPUSDT,SELL,LIMIT,1701070438879,476.4,0.5988
XRPUSDT,SELL,LIMIT,1701070440190,1000.0,0.5988
XRPUSDT,SELL,LIMIT,1701070441045,7099.6,0.5986
XRPUSDT,SELL,LIMIT,1701070442163,2499.5,0.5983
XRPUSDT,BUY,LIMIT,1701072659064,133.4,0.6106
XRPUSDT,SELL,LIMIT,1701074348206,4899.5,0.6044
XRPUSDT,SELL,LIMIT,1701074349481,4496.4,0.6045
XRPUSDT,SELL,LIMIT,1701074371167,1000.0,0.6069
XRPUSDT,SELL,LIMIT,1701074374287,1597.0,0.6047
XRPUSDT,SELL,LIMIT,1701074517112,201.9,0.6034
XRPUSDT,SELL,LIMIT,1701074753359,227.7,0.6022
XRPUSDT,SELL,LIMIT,1701075372969,12.1,0.6010
XRPUSDT,SELL,LIMIT,1701075600395,810.4,0.6015
XRPUSDT,SELL,LIMIT,1701076107423,5449.4,0.6020
XRPUSDT,BUY,LIMIT,1701076915216,50.6,0.6098
XRPUSDT,SELL,LIMIT,1701076917112,1594.1,0.6038
XRPUSDT,SELL,LIMIT,1701076952821,3000.0,0.6034
XRPUSDT,BUY,LIMIT,1701077399082,0.6,0.6097
XRPUSDT,BUY,LIMIT,1701078245809,172.5,0.6115
XRPUSDT,SELL,LIMIT,1701080681096,2995.6,0.6022
XRPUSDT,SELL,LIMIT,1701080753056,602.1,0.6017
XRPUSDT,SELL,LIMIT,1701080787420,314.7,0.6015
XRPUSDT,SELL,LIMIT,1701081207442,662.2,0.6008
XRPUSDT,SELL,LIMIT,1701081213113,16.9,0.6005
XRPUSDT,SELL,LIMIT,1701081216604,3956.8,0.6004
XRPUSDT,SELL,LIMIT,1701081254917,783.2,0.6007
XRPUSDT,SELL,LIMIT,1701081256537,3478.2,0.6004
XRPUSDT,SELL,LIMIT,1701081257683,139.0,0.6001
XRPUSDT,SELL,LIMIT,1701081262429,1170.7,0.5999
XRPUSDT,SELL,LIMIT,1701081436074,27.5,0.5997
XRPUSDT,SELL,LIMIT,1701081437110,8107.5,0.5997
XRPUSDT,SELL,LIMIT,1701081438874,2255.5,0.5996
XRPUSDT,SELL,LIMIT,1701081447407,15.0,0.5995
XRPUSDT,SELL,LIMIT,1701081448877,802.3,0.5994
XRPUSDT,SELL,LIMIT,1701081450068,1442.7,0.5994
XRPUSDT,SELL,LIMIT,1701081451114,369.6,0.5992
XRPUSDT,SELL,LIMIT,1701081452144,4280.6,0.5992
XRPUSDT,SELL,LIMIT,1701081453333,1000.0,0.6019
XRPUSDT,SELL,LIMIT,1701081460340,8.8,0.5989
XRPUSDT,SELL,LIMIT,1701081490003,11.4,0.5988
XRPUSDT,SELL,LIMIT,1701081582554,6176.8,0.5988
XRPUSDT,SELL,LIMIT,1701081605304,95.5,0.5985
XRPUSDT,SELL,LIMIT,1701081609047,15.9,0.5985
XRPUSDT,SELL,LIMIT,1701081610223,43.5,0.5985
XRPUSDT,SELL,LIMIT,1701081611844,153.4,0.5984
XRPUSDT,SELL,LIMIT,1701082018556,514.3,0.5997
XRPUSDT,SELL,LIMIT,1701082123217,39255.3,0.5972
XRPUSDT,SELL,LIMIT,1701082226341,1988.0,0.6001
XRPUSDT,SELL,LIMIT,1701082476084,46.7,0.6000
XRPUSDT,SELL,LIMIT,1701082605927,899.0,0.6000
XRPUSDT,SELL,LIMIT,1701082618157,7994.7,0.5996
XRPUSDT,SELL,LIMIT,1701082620249,5661.5,0.5994
XRPUSDT,SELL,LIMIT,1701082690678,97.0,0.5987
XRPUSDT,SELL,LIMIT,1701082693176,479.6,0.5986
XRPUSDT,SELL,LIMIT,1701082695804,395.7,0.5985
XRPUSDT,SELL,LIMIT,1701082704104,150.0,0.5984
XRPUSDT,SELL,LIMIT,1701082705208,1100.0,0.5982
XRPUSDT,SELL,LIMIT,1701082706330,618.9,0.5982
XRPUSDT,SELL,LIMIT,1701082707383,96.4,0.5981
XRPUSDT,SELL,LIMIT,1701082726226,188.7,0.5979
XRPUSDT,SELL,LIMIT,1701082727405,27.4,0.5980
XRPUSDT,SELL,LIMIT,1701084758240,225.3,0.5979
XRPUSDT,SELL,LIMIT,1701084759763,1217.3,0.5978
XRPUSDT,SELL,LIMIT,1701084785094,850.6,0.5978
XRPUSDT,SELL,LIMIT,1701084786098,211.9,0.5978
XRPUSDT,SELL,LIMIT,1701084798137,1969.5,0.5977
XRPUSDT,SELL,LIMIT,1701084802223,12.1,0.5977
XRPUSDT,SELL,LIMIT,1701084806188,2462.4,0.5976
XRPUSDT,SELL,LIMIT,1701084808762,2436.2,0.5976
XRPUSDT,SELL,LIMIT,1701084822153,870.9,0.5975
XRPUSDT,SELL,LIMIT,1701084823249,1910.4,0.5976
XRPUSDT,SELL,LIMIT,1701084825444,113.2,0.5975
XRPUSDT,SELL,LIMIT,1701084834421,4541.4,0.5974
XRPUSDT,SELL,LIMIT,1701084846153,993.3,0.5973
XRPUSDT,SELL,LIMIT,1701084849133,108.1,0.5972
XRPUSDT,SELL,LIMIT,1701084850342,358.4,0.5973
XRPUSDT,SELL,LIMIT,1701084930386,270.0,0.5970
XRPUSDT,SELL,LIMIT,1701084931319,444.6,0.5972
XRPUSDT,SELL,LIMIT,1701084932189,7401.2,0.5967
XRPUSDT,BUY,LIMIT,1701086043630,0.1,0.6075
XRPUSDT,SELL,LIMIT,1701086644280,7990.7,0.6020
XRPUSDT,SELL,LIMIT,1701086704682,8276.1,0.6060
XRPUSDT,SELL,LIMIT,1701090970619,3862.0,0.6001
XRPUSDT,SELL,LIMIT,1701091164049,70.0,0.6019
XRPUSDT,SELL,LIMIT,1701092668142,5000.0,0.5980
XRPUSDT,SELL,LIMIT,1701092751314,3460.9,0.5979
XRPUSDT,SELL,LIMIT,1701092888265,11354.4,0.6011
XRPUSDT,SELL,LIMIT,1701093117036,333.9,0.5973
XRPUSDT,SELL,LIMIT,1701093119269,92.0,0.5972
XRPUSDT,SELL,LIMIT,1701093129288,7827.2,0.5970
XRPUSDT,SELL,LIMIT,1701093130742,696.9,0.5968
XRPUSDT,SELL,LIMIT,1701093132229,2862.7,0.5967
XRPUSDT,SELL,LIMIT,1701093133946,624.6,0.5965
XRPUSDT,SELL,LIMIT,1701093136325,5964.5,0.5964
XRPUSDT,SELL,LIMIT,1701093137146,484.7,0.5962
XRPUSDT,SELL,LIMIT,1701093138444,7161.1,0.5963
XRPUSDT,BUY,LIMIT,1701093273245,1589.1,0.6057
XRPUSDT,SELL,LIMIT,1701093682007,6714.9,0.6006
XRPUSDT,SELL,LIMIT,1701094546095,55.4,0.5979
XRPUSDT,SELL,LIMIT,1701095006983,26158.3,0.5950
XRPUSDT,SELL,LIMIT,1701095010479,370.6,0.5961
XRPUSDT,SELL,LIMIT,1701095122179,6998.2,0.5961
XRPUSDT,SELL,LIMIT,1701095230041,1264.8,0.5968
XRPUSDT,SELL,LIMIT,1701095531055,1758.3,0.5970
XRPUSDT,SELL,LIMIT,1701095611440,9.7,0.5964
XRPUSDT,SELL,LIMIT,1701095612796,3322.4,0.5961
XRPUSDT,SELL,LIMIT,1701096725198,264.6,0.5962
XRPUSDT,SELL,LIMIT,1701096729208,8.8,0.5960
XRPUSDT,SELL,LIMIT,1701096737594,736.9,0.5960
XRPUSDT,SELL,LIMIT,1701096739054,3819.3,0.5960
XRPUSDT,SELL,LIMIT,1701096740172,39.1,0.5960
XRPUSDT,SELL,LIMIT,1701096748271,477.7,0.5959
XRPUSDT,SELL,LIMIT,1701096791392,4693.4,0.5961
XRPUSDT,SELL,LIMIT,1701096797797,3254.9,0.5960
XRPUSDT,SELL,LIMIT,1701096815123,11233.2,0.5959
XRPUSDT,SELL,LIMIT,1701096938502,18539.5,0.5957
XRPUSDT,SELL,LIMIT,1701097008411,1245.7,0.5963
XRPUSDT,SELL,LIMIT,1701097021073,2.3,0.5959
XRPUSDT,SELL,LIMIT,1701097023335,664.8,0.5959
XRPUSDT,SELL,LIMIT,1701097026128,654.0,0.5958
XRPUSDT,SELL,LIMIT,1701097027226,204.2,0.5959
XRPUSDT,SELL,LIMIT,1701097028263,24.9,0.5957
XRPUSDT,SELL,LIMIT,1701097029266,4109.1,0.5957
XRPUSDT,SELL,LIMIT,1701097030341,110.2,0.5957
XRPUSDT,SELL,LIMIT,1701097033579,111.0,0.5957
XRPUSDT,SELL,LIMIT,1701097037289,88.7,0.5956
XRPUSDT,SELL,LIMIT,1701097038378,229.3,0.5957
XRPUSDT,SELL,LIMIT,1701097042595,34.1,0.5956
XRPUSDT,SELL,LIMIT,1701097046044,1068.4,0.5953
XRPUSDT,SELL,LIMIT,1701097047105,2088.3,0.5952
XRPUSDT,SELL,LIMIT,1701097049157,12.2,0.5950
XRPUSDT,SELL,LIMIT,1701097050233,14420.3,0.5948
XRPUSDT,SELL,LIMIT,1701097058016,739.2,0.5950
XRPUSDT,SELL,LIMIT,1701097069053,171.6,0.5949
XRPUSDT,SELL,LIMIT,1701097070381,986.8,0.5949
XRPUSDT,SELL,LIMIT,1701097076721,1103.9,0.5949
XRPUSDT,SELL,LIMIT,1701097078168,68.9,0.5948
XRPUSDT,SELL,LIMIT,1701097079211,1085.9,0.5949
XRPUSDT,SELL,LIMIT,1701097080975,3049.5,0.5947
XRPUSDT,SELL,LIMIT,1701097088335,120.0,0.5947
XRPUSDT,SELL,LIMIT,1701097091231,5831.2,0.5947
XRPUSDT,SELL,LIMIT,1701097093545,19.8,0.5951
XRPUSDT,SELL,LIMIT,1701097096333,254.2,0.5948
XRPUSDT,SELL,LIMIT,1701097097715,262.6,0.5946
XRPUSDT,SELL,LIMIT,1701097098866,287.6,0.5946
XRPUSDT,SELL,LIMIT,1701097099909,29.8,0.5945
XRPUSDT,SELL,LIMIT,1701097101068,4496.8,0.5943
XRPUSDT,SELL,LIMIT,1701097102265,17.4,0.5943
XRPUSDT,SELL,LIMIT,1701097307457,345.5,0.5980
XRPUSDT,BUY,LIMIT,1701098351848,38.9,0.6054
XRPUSDT,BUY,LIMIT,1701098545969,32.9,0.6057
XRPUSDT,SELL,LIMIT,1701099969243,331.6,0.5986
XRPUSDT,SELL,LIMIT,1701100108826,4032.8,0.5974
XRPUSDT,SELL,LIMIT,1701100136287,425.1,0.5968
XRPUSDT,SELL,LIMIT,1701100147005,8320.8,0.5970
XRPUSDT,SELL,LIMIT,1701100182272,23.9,0.6375
XRPUSDT,SELL,LIMIT,1701100221749,121.6,0.5962
XRPUSDT,SELL,LIMIT,1701100280290,101.9,0.5962
XRPUSDT,SELL,LIMIT,1701100513231,9.0,0.5965
XRPUSDT,SELL,LIMIT,1701100530153,610.3,0.5979
XRPUSDT,SELL,LIMIT,1701100531918,495.0,0.5963
XRPUSDT,SELL,LIMIT,1701100536317,2503.8,0.5962
XRPUSDT,SELL,LIMIT,1701100549076,13197.2,0.5964
XRPUSDT,SELL,LIMIT,1701100563412,2500.0,0.5960
XRPUSDT,SELL,LIMIT,1701100564490,37.3,0.5959
XRPUSDT,SELL,LIMIT,1701100566276,62.8,0.5959
XRPUSDT,SELL,LIMIT,1701100570724,55.0,0.5974
XRPUSDT,SELL,LIMIT,1701100572006,1143.5,0.5962
XRPUSDT,SELL,LIMIT,1701100573317,6308.5,0.5957
XRPUSDT,SELL,LIMIT,1701100640517,564.6,0.5950
XRPUSDT,SELL,LIMIT,1701100642666,85.4,0.5958
XRPUSDT,SELL,LIMIT,1701100643817,3702.0,0.5949
XRPUSDT,SELL,LIMIT,1701100730640,406.3,0.5958
XRPUSDT,SELL,LIMIT,1701100773836,456.7,0.5951
XRPUSDT,SELL,LIMIT,1701100781198,2609.4,0.5950
XRPUSDT,SELL,LIMIT,1701100814078,605.8,0.5949
XRPUSDT,SELL,LIMIT,1701100909942,71214.9,0.5927
XRPUSDT,SELL,LIMIT,1701101007837,32.1,0.5953
XRPUSDT,SELL,LIMIT,1701101047683,702.5,0.5959
XRPUSDT,SELL,LIMIT,1701101063273,1154.5,0.5960
XRPUSDT,SELL,LIMIT,1701101073333,4427.0,0.5970
XRPUSDT,SELL,LIMIT,1701101140921,474.3,0.5957
XRPUSDT,SELL,LIMIT,1701101177240,12000.0,0.5964
XRPUSDT,SELL,LIMIT,1701101751062,177.1,0.5990
XRPUSDT,SELL,LIMIT,1701102197182,8113.1,0.5986
XRPUSDT,BUY,LIMIT,1701103619839,12.1,0.6056
XRPUSDT,BUY,LIMIT,1701104396130,91.8,0.6059
XRPUSDT,SELL,LIMIT,1701104764260,8275.4,0.6014
XRPUSDT,BUY,LIMIT,1701104987177,2300.0,0.6068
XRPUSDT,BUY,LIMIT,1701105015262,53.9,0.6071
XRPUSDT,BUY,LIMIT,1701105031031,1320.6,0.6072
XRPUSDT,BUY,LIMIT,1701105133389,690.5,0.6077
XRPUSDT,BUY,LIMIT,1701105135315,105.4,0.6077
XRPUSDT,SELL,LIMIT,1701106387154,1465.1,0.6001
XRPUSDT,SELL,LIMIT,1701107455097,2574.8,0.5980
XRPUSDT,SELL,LIMIT,1701107458596,80.0,0.5979
XRPUSDT,SELL,LIMIT,1701110443438,400.0,0.5984
XRPUSDT,SELL,LIMIT,1701111068134,8315.5,0.5988
XRPUSDT,BUY,LIMIT,1701111220318,27.2,0.6032
XRPUSDT,SELL,LIMIT,1701111410820,4509.6,0.5986
XRPUSDT,SELL,LIMIT,1701111596859,7362.0,0.5972
XRPUSDT,SELL,LIMIT,1701111829089,1326.3,0.5974
XRPUSDT,SELL,LIMIT,1701111912110,906.9,0.5976
XRPUSDT,SELL,LIMIT,1701111925659,34.8,0.5966
XRPUSDT,SELL,LIMIT,1701111928063,1253.7,0.5971
XRPUSDT,SELL,LIMIT,1701111983990,40417.7,0.5943
XRPUSDT,SELL,LIMIT,1701112008475,10.7,0.5961
XRPUSDT,SELL,LIMIT,1701112010406,1084.1,0.5961
XRPUSDT,SELL,LIMIT,1701112050153,26.6,0.5959
XRPUSDT,SELL,LIMIT,1701112055455,531.9,0.5957
XRPUSDT,SELL,LIMIT,1701112082783,3545.8,0.5961
XRPUSDT,SELL,LIMIT,1701112120351,333.9,0.5957
XRPUSDT,SELL,LIMIT,1701112179183,501.8,0.5954
XRPUSDT,SELL,LIMIT,1701112207603,832.9,0.5953
XRPUSDT,SELL,LIMIT,1701114162425,1000.2,0.5962
XRPUSDT,BUY,LIMIT,1701114163822,82.9,0.6021
XRPUSDT,SELL,LIMIT,1701114217023,8272.6,0.5962
XRPUSDT,SELL,LIMIT,1701114228095,8837.6,0.5962
XRPUSDT,SELL,LIMIT,1701114231261,116.2,0.5957
XRPUSDT,SELL,LIMIT,1701114234217,306.0,0.5955
XRPUSDT,SELL,LIMIT,1701114236447,8321.6,0.5953
XRPUSDT,SELL,LIMIT,1701114238321,2232.2,0.5962
XRPUSDT,SELL,LIMIT,1701114239972,3796.6,0.5951
XRPUSDT,SELL,LIMIT,1701114259067,2486.1,0.5950
XRPUSDT,SELL,LIMIT,1701114261047,921.9,0.5949
XRPUSDT,SELL,LIMIT,1701114264532,1576.8,0.5948
XRPUSDT,SELL,LIMIT,1701114274909,500.0,0.5947
XRPUSDT,SELL,LIMIT,1701114277631,1760.0,0.5945
XRPUSDT,SELL,LIMIT,1701114340207,150.3,0.5944
XRPUSDT,SELL,LIMIT,1701114342055,8295.9,0.5943
XRPUSDT,SELL,LIMIT,1701114343376,8.5,0.5942
XRPUSDT,SELL,LIMIT,1701114345336,600.0,0.5941
XRPUSDT,SELL,LIMIT,1701114352214,124.5,0.5941
XRPUSDT,SELL,LIMIT,1701114353269,16.2,0.5941
XRPUSDT,SELL,LIMIT,1701114354286,334.6,0.5939
XRPUSDT,SELL,LIMIT,1701114355341,594.3,0.5938
XRPUSDT,SELL,LIMIT,1701114356584,10477.4,0.5935
XRPUSDT,SELL,LIMIT,1701114357610,9.6,0.5935
XRPUSDT,SELL,LIMIT,1701114383059,124.4,0.5934
XRPUSDT,SELL,LIMIT,1701114455285,20810.8,0.5947
XRPUSDT,SELL,LIMIT,1701114456795,160.0,0.5945
XRPUSDT,SELL,LIMIT,1701114462270,2668.2,0.5938
XRPUSDT,SELL,LIMIT,1701114463769,19.9,0.5937
XRPUSDT,SELL,LIMIT,1701114468452,715.9,0.5935
XRPUSDT,SELL,LIMIT,1701114471425,16182.8,0.5931
XRPUSDT,SELL,LIMIT,1701114472743,16964.1,0.5932
XRPUSDT,SELL,LIMIT,1701114473890,322.9,0.5933
XRPUSDT,SELL,LIMIT,1701114474920,757.1,0.5932
XRPUSDT,SELL,LIMIT,1701114475928,42.8,0.5926
XRPUSDT,SELL,LIMIT,1701114477014,1000.0,0.5927
XRPUSDT,SELL,LIMIT,1701114487884,898.3,0.5922
XRPUSDT,SELL,LIMIT,1701114489157,814.9,0.5921
XRPUSDT,SELL,LIMIT,1701114490122,299.9,0.5921
XRPUSDT,SELL,LIMIT,1701114491150,593.1,0.5918
XRPUSDT,SELL,LIMIT,1701114493410,72.7,0.5915
XRPUSDT,SELL,LIMIT,1701114494848,4482.8,0.5915
XRPUSDT,SELL,LIMIT,1701114495850,5333.4,0.5915
XRPUSDT,SELL,LIMIT,1701114496959,293.9,0.5911
XRPUSDT,SELL,LIMIT,1701115539144,7768.3,0.5984
XRPUSDT,SELL,LIMIT,1701116735936,7761.1,0.5953
XRPUSDT,SELL,LIMIT,1701116830192,443.5,0.5938
XRPUSDT,SELL,LIMIT,1701116916051,132.6,0.5924
XRPUSDT,BUY,LIMIT,1701117177245,35.9,0.5988
XRPUSDT,SELL,LIMIT,1701117538344,396.0,0.5942
XRPUSDT,SELL,LIMIT,1701121738757,97.2,0.5973
XRPUSDT,BUY,LIMIT,1701121764633,9.9,0.6027
XRPUSDT,SELL,LIMIT,1701121839567,881.5,0.6006
XRPUSDT,SELL,LIMIT,1701122232915,932.8,0.5962
XRPUSDT,SELL,LIMIT,1701123233560,131.9,0.5969
XRPUSDT,SELL,LIMIT,1701124268648,332.9,0.5986
XRPUSDT,BUY,LIMIT,1701125823401,27.9,0.6041
XRPUSDT,BUY,LIMIT,1701126158561,2345.0,0.6046
XRPUSDT,BUY,LIMIT,1701126193124,27.1,0.6048
XRPUSDT,BUY,LIMIT,1701126655787,1398.9,0.6053
XRPUSDT,BUY,LIMIT,1701127364068,13.8,0.6058
XRPUSDT,BUY,LIMIT,1701127365122,124.7,0.6058
XRPUSDT,BUY,LIMIT,1701127378281,34.6,0.6059
XRPUSDT,BUY,LIMIT,1701127386498,233.8,0.6058
XRPUSDT,BUY,LIMIT,1701127480695,41.6,0.6061
XRPUSDT,BUY,LIMIT,1701127495325,223.7,0.6062
XRPUSDT,BUY,LIMIT,1701128042899,866.1,0.6064
XRPUSDT,BUY,LIMIT,1701128321821,750.7,0.6066
XRPUSDT,BUY,LIMIT,1701128368101,2498.6,0.6066
XRPUSDT,BUY,LIMIT,1701128369270,10.4,0.6066
XRPUSDT,SELL,LIMIT,1701129941104,4442.9,0.6005
XRPUSDT,BUY,LIMIT,1701130966606,2285.3,0.6072
XRPUSDT,BUY,LIMIT,1701131462643,13.2,0.6075
XRPUSDT,BUY,LIMIT,1701131508184,49.5,0.6069
XRPUSDT,BUY,LIMIT,1701131939365,3570.9,0.6076
XRPUSDT,BUY,LIMIT,1701131943007,10.5,0.6076
XRPUSDT,BUY,LIMIT,1701132105325,67.3,0.6078
XRPUSDT,BUY,LIMIT,1701132146341,645.6,0.6079
XRPUSDT,BUY,LIMIT,1701132261203,371.5,0.6080
XRPUSDT,BUY,LIMIT,1701132319281,838.8,0.6082
XRPUSDT,SELL,LIMIT,1701132909029,3949.1,0.6016
XRPUSDT,BUY,LIMIT,1701135783657,7952.2,0.6062
XRPUSDT,SELL,LIMIT,1701136940251,308.4,0.6084
XRPUSDT,SELL,LIMIT,1701146841638,166.1,0.5997
XRPUSDT,SELL,LIMIT,1701146917496,656.4,0.5997
XRPUSDT,SELL,LIMIT,1701147056155,497.3,0.5997
XRPUSDT,SELL,LIMIT,1701147229509,2544.5,0.5996
XRPUSDT,SELL,LIMIT,1701147764865,290.9,0.5994
XRPUSDT,SELL,LIMIT,1701148123095,10.9,0.5974
XRPUSDT,SELL,LIMIT,1701148131125,18.3,0.5972
XRPUSDT,SELL,LIMIT,1701148133839,23.8,0.5971
XRPUSDT,SELL,LIMIT,1701148220980,8263.0,0.5968
XRPUSDT,SELL,LIMIT,1701148238876,426.8,0.5966
XRPUSDT,SELL,LIMIT,1701148253695,28.1,0.5965
XRPUSDT,SELL,LIMIT,1701148429098,5000.0,0.5955
XRPUSDT,SELL,LIMIT,1701148430196,9.6,0.5957
XRPUSDT,SELL,LIMIT,1701148431638,2071.5,0.5950
XRPUSDT,SELL,LIMIT,1701148433117,69.5,0.5948
XRPUSDT,SELL,LIMIT,1701148842541,669.7,0.5953
XRPUSDT,SELL,LIMIT,1701148936103,5458.8,0.5946
XRPUSDT,SELL,LIMIT,1701148938073,8676.2,0.5946
XRPUSDT,SELL,LIMIT,1701149010164,706.3,0.5943
XRPUSDT,SELL,LIMIT,1701149011175,1852.6,0.5943
XRPUSDT,SELL,LIMIT,1701149057555,400.6,0.5942
XRPUSDT,SELL,LIMIT,1701149066250,407.5,0.5942
XRPUSDT,SELL,LIMIT,1701149067959,82834.5,0.5917
XRPUSDT,SELL,LIMIT,1701149076833,63.2,0.5941
XRPUSDT,SELL,LIMIT,1701149136092,1379.2,0.5940
XRPUSDT,SELL,LIMIT,1701149581489,1310.1,0.5950
XRPUSDT,SELL,LIMIT,1701149783736,1132.1,0.5946
XRPUSDT,SELL,LIMIT,1701149787107,12.8,0.5947
XRPUSDT,SELL,LIMIT,1701149830095,602.0,0.5943
XRPUSDT,SELL,LIMIT,1701149835426,66.1,0.5943
XRPUSDT,SELL,LIMIT,1701149838234,35.4,0.5942
XRPUSDT,SELL,LIMIT,1701149859054,208.9,0.5937
XRPUSDT,SELL,LIMIT,1701149860162,621.4,0.5937
XRPUSDT,SELL,LIMIT,1701149876316,613.6,0.5935
XRPUSDT,SELL,LIMIT,1701149880162,393.0,0.5935
XRPUSDT,SELL,LIMIT,1701149881594,1078.8,0.5933
XRPUSDT,SELL,LIMIT,1701149882985,3300.0,0.5934
XRPUSDT,SELL,LIMIT,1701149886591,666.9,0.5932
XRPUSDT,SELL,LIMIT,1701149888286,84.3,0.5931
XRPUSDT,SELL,LIMIT,1701149889934,49954.3,0.5909
XRPUSDT,SELL,LIMIT,1701149892171,99.7,0.5935
XRPUSDT,SELL,LIMIT,1701149895373,3764.3,0.5928
XRPUSDT,SELL,LIMIT,1701151263534,1185.7,0.5938
XRPUSDT,SELL,LIMIT,1701151274331,76.2,0.5935
XRPUSDT,SELL,LIMIT,1701154203231,97.4,0.5965
XRPUSDT,BUY,LIMIT,1701154698376,25.4,0.6026
XRPUSDT,BUY,LIMIT,1701155270354,4176.1,0.6038
XRPUSDT,BUY,LIMIT,1701155271496,1103.5,0.6046
XRPUSDT,SELL,LIMIT,1701155594743,8.4,0.5982
XRPUSDT,SELL,LIMIT,1701155666420,436.5,0.5982
XRPUSDT,SELL,LIMIT,1701155738147,3309.6,0.5993
XRPUSDT,SELL,LIMIT,1701156534420,11.3,0.5985
XRPUSDT,SELL,LIMIT,1701156856796,546.0,0.6572
XRPUSDT,SELL,LIMIT,1701156874928,379.2,0.5976
XRPUSDT,SELL,LIMIT,1701157917519,22.7,0.5990
XRPUSDT,BUY,LIMIT,1701157940320,16.6,0.6050
XRPUSDT,BUY,LIMIT,1701158028173,46.5,0.6054
XRPUSDT,BUY,LIMIT,1701158097276,13.8,0.6059
XRPUSDT,SELL,LIMIT,1701161917908,36.4,0.5951
XRPUSDT,SELL,LIMIT,1701161938657,582.3,0.5949
XRPUSDT,SELL,LIMIT,1701161946920,445.7,0.5948
XRPUSDT,SELL,LIMIT,1701161953195,47.8,0.5947
XRPUSDT,SELL,LIMIT,1701161977709,1122.8,0.5947
XRPUSDT,SELL,LIMIT,1701161996056,650.0,0.5946
XRPUSDT,SELL,LIMIT,1701162020781,2017.6,0.5945
XRPUSDT,SELL,LIMIT,1701162053419,1957.0,0.5944
XRPUSDT,SELL,LIMIT,1701162058491,9.4,0.5943
XRPUSDT,SELL,LIMIT,1701162630279,4068.9,0.5945
XRPUSDT,BUY,LIMIT,1701163723055,10.7,0.6051
XRPUSDT,BUY,LIMIT,1701163732183,6533.8,0.6052
XRPUSDT,BUY,LIMIT,1701163798740,52.2,0.6053
XRPUSDT,BUY,LIMIT,1701163808053,3115.4,0.6055
XRPUSDT,BUY,LIMIT,1701164295514,1166.3,0.6064
XRPUSDT,BUY,LIMIT,1701164394135,1092.5,0.6065
XRPUSDT,BUY,LIMIT,1701164395243,1609.1,0.6065
XRPUSDT,BUY,LIMIT,1701164442324,34.1,0.6067
XRPUSDT,BUY,LIMIT,1701164444676,72.4,0.6069
XRPUSDT,BUY,LIMIT,1701164478043,15.3,0.6071
XRPUSDT,BUY,LIMIT,1701166601777,8338.7,0.6073
XRPUSDT,BUY,LIMIT,1701166670805,124.0,0.6076
XRPUSDT,BUY,LIMIT,1701167415043,1835.0,0.6079
XRPUSDT,BUY,LIMIT,1701167468637,18.1,0.6080
XRPUSDT,BUY,LIMIT,1701167734053,1077.6,0.6085
XRPUSDT,BUY,LIMIT,1701167735334,17.8,0.6085
XRPUSDT,BUY,LIMIT,1701169143496,1424.6,0.6086
XRPUSDT,BUY,LIMIT,1701169163114,382.8,0.6087
XRPUSDT,BUY,LIMIT,1701169177230,10.1,0.6088
XRPUSDT,BUY,LIMIT,1701169197547,1877.8,0.6089
XRPUSDT,BUY,LIMIT,1701169215318,194.0,0.6089
XRPUSDT,BUY,LIMIT,1701170338905,292.6,0.6091
XRPUSDT,BUY,LIMIT,1701170341094,12.3,0.6091
XRPUSDT,BUY,LIMIT,1701170616146,1165.5,0.6094
XRPUSDT,BUY,LIMIT,1701170648425,35.1,0.6095
XRPUSDT,BUY,LIMIT,1701170737215,10.2,0.6096
XRPUSDT,SELL,LIMIT,1701170780984,1523.0,0.6031
XRPUSDT,BUY,LIMIT,1701171142954,1450.6,0.6096
XRPUSDT,SELL,LIMIT,1701172268726,72.2,0.6015
XRPUSDT,SELL,LIMIT,1701172333059,55.1,0.6018
XRPUSDT,SELL,LIMIT,1701172966877,1060.5,0.6018
XRPUSDT,SELL,LIMIT,1701174546260,851.4,0.6093
XRPUSDT,BUY,LIMIT,1701177893053,5303.4,0.6102
XRPUSDT,BUY,LIMIT,1701177894083,70.5,0.6101
XRPUSDT,BUY,LIMIT,1701177920237,59.8,0.6103
XRPUSDT,BUY,LIMIT,1701178017918,1842.8,0.6106
XRPUSDT,BUY,LIMIT,1701178332265,76.8,0.6108
XRPUSDT,BUY,LIMIT,1701178362478,168.1,0.6110
XRPUSDT,BUY,LIMIT,1701178365358,21.8,0.6111
XRPUSDT,BUY,LIMIT,1701178366461,16.5,0.6111
XRPUSDT,BUY,LIMIT,1701178426756,12.1,0.6112
XRPUSDT,BUY,LIMIT,1701178522455,6786.7,0.6116
XRPUSDT,SELL,LIMIT,1701178776451,49.1,0.6046
XRPUSDT,BUY,LIMIT,1701179232307,473.7,0.6116
XRPUSDT,BUY,LIMIT,1701179656844,89.0,0.6116
XRPUSDT,BUY,LIMIT,1701179658415,4223.2,0.6117
XRPUSDT,BUY,LIMIT,1701179672385,505.6,0.6118
