Symbol,Side,Order Type,Time,Quantity,Price
XRPUSDT,SELL,LIMIT,1701067324679,604.0,0.6053
XRPUSDT,SELL,LIMIT,1701067557685,50.0,0.6052
XRPUSDT,SELL,LIMIT,1701067645931,957.8,0.6049
XRPUSDT,SELL,LIMIT,1701067720005,336.7,0.6047
XRPUSDT,SELL,LIMIT,1701067747118,16.8,0.6074
XRPUSDT,SELL,LIMIT,1701067750364,587.1,0.6061
XRPUSDT,SELL,LIMIT,1701067869927,960.6,0.6041
XRPUSDT,SELL,LIMIT,1701068052167,898.1,0.6059
XRPUSDT,BUY,LIMIT,1701068054068,13.7,0.6119
XRPUSDT,SELL,LIMIT,1701068286685,239.5,0.6042
XRPUSDT,SELL,LIMIT,1701068376479,8156.6,0.6047
XRPUSDT,SELL,LIMIT,1701068996194,1359.4,0.6053
XRPUSDT,SELL,LIMIT,1701069014950,1128.7,0.6054
XRPUSDT,SELL,LIMIT,1701069210455,3994.9,0.6068
XRPUSDT,SELL,LIMIT,1701069525098,2268.2,0.6044
XRPUSDT,SELL,LIMIT,1701069548063,45.2,0.6042
XRPUSDT,SELL,LIMIT,1701069554451,560.7,0.6040
XRPUSDT,SELL,LIMIT,1701069556120,16.4,0.6039
XRPUSDT,SELL,LIMIT,1701069560802,59.2,0.6037
XRPUSDT,SELL,LIMIT,1701069632929,239.6,0.6037
XRPUSDT,SELL,LIMIT,1701069634180,640.1,0.6036
XRPUSDT,SELL,LIMIT,1701069668271,239.7,0.6033
XRPUSDT,SELL,LIMIT,1701069760565,1560.8,0.6032
XRPUSDT,SELL,LIMIT,1701069795231,782.7,0.6040
XRPUSDT,SELL,LIMIT,1701069797577,588.8,0.6035
XRPUSDT,SELL,LIMIT,1701069803453,861.6,0.6030
XRPUSDT,SELL,LIMIT,1701069808010,8888.0,0.6036
XRPUSDT,SELL,LIMIT,1701069823606,647.4,0.6028
XRPUSDT,SELL,LIMIT,1701069832164,95.0,0.6028
XRPUSDT,SELL,LIMIT,1701069859638,8.2,0.6027
XRPUSDT,SELL,LIMIT,1701069870381,1447.5,0.6026
XRPUSDT,SELL,LIMIT,1701069878814,36977.5,0.6010
XRPUSDT,SELL,LIMIT,1701069880487,1300.0,0.6025
XRPUSDT,SELL,LIMIT,1701069882098,142.9,0.6024
XRPUSDT,SELL,LIMIT,1701069883182,572.0,0.6023
XRPUSDT,SELL,LIMIT,1701069885098,120.8,0.6023
XRPUSDT,SELL,LIMIT,1701069886113,22.8,0.6022
XRPUSDT,SELL,LIMIT,1701069887155,1244.0,0.6022
XRPUSDT,SELL,LIMIT,1701069888164,210.8,0.6020
XRPUSDT,SELL,LIMIT,1701069889171,71.5,0.6017
XRPUSDT,SELL,LIMIT,1701069894192,16.1,0.6015
XRPUSDT,SELL,LIMIT,1701069896097,4176.2,0.6014
XRPUSDT,SELL,LIMIT,1701069897196,88.0,0.6024
XRPUSDT,SELL,LIMIT,1701069898245,59.1,0.6012
XRPUSDT,SELL,LIMIT,1701069899254,75876.9,0.5988
XRPUSDT,SELL,LIMIT,1701069900277,2825.8,0.6012
XRPUSDT,SELL,LIMIT,1701069901301,979.6,0.6010
XRPUSDT,SELL,LIMIT,1701070063343,355.4,0.6010
XRPUSDT,SELL,LIMIT,1701070064395,1790.6,0.6010
XRPUSDT,SELL,LIMIT,1701070094774,1043.5,0.6010
XRPUSDT,SELL,LIMIT,1701070099124,4251.6,0.6009
XRPUSDT,SELL,LIMIT,1701070105520,5517.7,0.6009
XRPUSDT,SELL,LIMIT,1701070108553,96.3,0.6008
XRPUSDT,SELL,LIMIT,1701070110096,9.4,0.6008
XRPUSDT,SELL,LIMIT,1701070112819,440.1,0.6007
XRPUSDT,SELL,LIMIT,1701070114437,575.5,0.6007
XRPUSDT,SELL,LIMIT,1701070116070,13.1,0.6006
XRPUSDT,SELL,LIMIT,1701070121124,563.3,0.6006
XRPUSDT,SELL,LIMIT,1701070144243,8216.9,0.6006
XRPUSDT,SELL,LIMIT,1701070145265,293.9,0.6005
XRPUSDT,SELL,LIMIT,1701070156399,196.7,0.6005
XRPUSDT,SELL,LIMIT,1701070158169,134.2,0.6004
XRPUSDT,SELL,LIMIT,1701070159171,472.5,0.6003
XRPUSDT,SELL,LIMIT,1701070160185,72.4,0.6003
XRPUSDT,SELL,LIMIT,1701070161562,500.0,0.6002
XRPUSDT,SELL,LIMIT,1701070162674,794.4,0.6002
XRPUSDT,SELL,LIMIT,1701070166833,260.2,0.6001
XRPUSDT,SELL,LIMIT,1701070167896,1723.2,0.5999
XRPUSDT,SELL,LIMIT,1701070169151,110.0,0.5998
XRPUSDT,SELL,LIMIT,1701070170177,242.4,0.5998
XRPUSDT,SELL,LIMIT,1701070171349,1589.6,0.5995
XRPUSDT,SELL,LIMIT,1701070172343,546.9,0.5996
XRPUSDT,SELL,LIMIT,1701070174167,123.2,0.5993
XRPUSDT,SELL,LIMIT,1701070438020,158.5,0.5992
XRPUSDT,SELL,LIMIT,1701070438879,476.4,0.5988
XRPUSDT,SELL,LIMIT,1701070440190,1000.0,0.5988
XRPUSDT,SELL,LIMIT,1701070441045,7099.6,0.5986
XRPUSDT,SELL,LIMIT,1701070442163,2499.5,0.5983
XRPUSDT,BUY,LIMIT,1701072659064,133.4,0.6106
XRPUSDT,SELL,LIMIT,1701074348206,4899.5,0.6044
XRPUSDT,SELL,LIMIT,1701074349481,4496.4,0.6045
XRPUSDT,SELL,LIMIT,1701074371167,1000.0,0.6069
XRPUSDT,SELL,LIMIT,1701074374287,1597.0,0.6047
XRPUSDT,SELL,LIMIT,1701074517112,201.9,0.6034
XRPUSDT,SELL,LIMIT,1701074753359,227.7,0.6022
XRPUSDT,SELL,LIMIT,1701075372969,12.1,0.6010
XRPUSDT,SELL,LIMIT,1701075600395,810.4,0.6015
XRPUSDT,SELL,LIMIT,1701076107423,5449.4,0.6020
XRPUSDT,BUY,LIMIT,1701076915216,50.6,0.6098
XRPUSDT,SELL,LIMIT,1701076917112,1594.1,0.6038
XRPUSDT,SELL,LIMIT,1701076952821,3000.0,0.6034
XRPUSDT,BUY,LIMIT,1701077399082,0.6,0.6097
XRPUSDT,BUY,LIMIT,1701078245809,172.5,0.6115
XRPUSDT,SELL,LIMIT,1701080681096,2995.6,0.6022
XRPUSDT,SELL,LIMIT,1701080753056,602.1,0.6017
XRPUSDT,SELL,LIMIT,1701080787420,314.7,0.6015
XRPUSDT,SELL,LIMIT,1701081207442,662.2,0.6008
XRPUSDT,SELL,LIMIT,1701081213113,16.9,0.6005
XRPUSDT,SELL,LIMIT,1701081216604,3956.8,0.6004
XRPUSDT,SELL,LIMIT,1701081254917,783.2,0.6007
XRPUSDT,SELL,LIMIT,1701081256537,3478.2,0.6004
XRPUSDT,SELL,LIMIT,1701081257683,139.0,0.6001
XRPUSDT,SELL,LIMIT,1701081262429,1170.7,0.5999
XRPUSDT,SELL,LIMIT,1701081436074,27.5,0.5997
XRPUSDT,SELL,LIMIT,1701081437110,8107.5,0.5997
XRPUSDT,SELL,LIMIT,1701081438874,2255.5,0.5996
XRPUSDT,SELL,LIMIT,1701081447407,15.0,0.5995
XRPUSDT,SELL,LIMIT,1701081448877,802.3,0.5994
XRPUSDT,SELL,LIMIT,1701081450068,1442.7,0.5994
XRPUSDT,SELL,LIMIT,1701081451114,369.6,0.5992
XRPUSDT,SELL,LIMIT,1701081452144,4280.6,0.5992
XRPUSDT,SELL,LIMIT,1701081453333,1000.0,0.6019
XRPUSDT,SELL,LIMIT,1701081460340,8.8,0.5989
XRPUSDT,SELL,LIMIT,1701081490003,11.4,0.5988
XRPUSDT,SELL,LIMIT,1701081582554,6176.8,0.5988
XRPUSDT,SELL,LIMIT,1701081605304,95.5,0.5985
XRPUSDT,SELL,LIMIT,1701081609047,15.9,0.5985
XRPUSDT,SELL,LIMIT,1701081610223,43.5,0.5985
XRPUSDT,SELL,LIMIT,1701081611844,153.4,0.5984
XRPUSDT,SELL,LIMIT,1701082018556,514.3,0.5997
XRPUSDT,SELL,LIMIT,1701082123217,39255.3,0.5972
XRPUSDT,SELL,LIMIT,1701082226341,1988.0,0.6001
XRPUSDT,SELL,LIMIT,1701082476084,46.7,0.6000
XRPUSDT,SELL,LIMIT,1701082605927,899.0,0.6000
XRPUSDT,SELL,LIMIT,1701082618157,7994.7,0.5996
XRPUSDT,SELL,LIMIT,1701082620249,5661.5,0.5994
XRPUSDT,SELL,LIMIT,1701082690678,97.0,0.5987
XRPUSDT,SELL,LIMIT,1701082693176,479.6,0.5986
XRPUSDT,SELL,LIMIT,1701082695804,395.7,0.5985
XRPUSDT,SELL,LIMIT,1701082704104,150.0,0.5984
XRPUSDT,SELL,LIMIT,1701082705208,1100.0,0.5982
XRPUSDT,SELL,LIMIT,1701082706330,618.9,0.5982
XRPUSDT,SELL,LIMIT,1701082707383,96.4,0.5981
XRPUSDT,SELL,LIMIT,1701082726226,188.7,0.5979
XRPUSDT,SELL,LIMIT,1701082727405,27.4,0.5980
XRPUSDT,SELL,LIMIT,1701084758240,225.3,0.5979
XRPUSDT,SELL,LIMIT,1701084759763,1217.3,0.5978
XRPUSDT,SELL,LIMIT,1701084785094,850.6,0.5978
XRPUSDT,SELL,LIMIT,1701084786098,211.9,0.5978
XRPUSDT,SELL,LIMIT,1701084798137,1969.5,0.5977
XRPUSDT,SELL,LIMIT,1701084802223,12.1,0.5977
XRPUSDT,SELL,LIMIT,1701084806188,2462.4,0.5976
XRPUSDT,SELL,LIMIT,1701084808762,2436.2,0.5976
XRPUSDT,SELL,LIMIT,1701084822153,870.9,0.5975
XRPUSDT,SELL,LIMIT,1701084823249,1910.4,0.5976
XRPUSDT,SELL,LIMIT,1701084825444,113.2,0.5975
XRPUSDT,SELL,LIMIT,1701084834421,4541.4,0.5974
XRPUSDT,SELL,LIMIT,1701084846153,993.3,0.5973
XRPUSDT,SELL,LIMIT,1701084849133,108.1,0.5972
XRPUSDT,SELL,LIMIT,1701084850342,358.4,0.5973
XRPUSDT,SELL,LIMIT,1701084930386,270.0,0.5970
XRPUSDT,SELL,LIMIT,1701084931319,444.6,0.5972
XRPUSDT,SELL,LIMIT,1701084932189,7401.2,0.5967
XRPUSDT,BUY,LIMIT,1701086043630,0.1,0.6075
XRPUSDT,SELL,LIMIT,1701086644280,7990.7,0.6020
XRPUSDT,SELL,LIMIT,1701086704682,8276.1,0.6060
XRPUSDT,SELL,LIMIT,1701090970619,3862.0,0.6001
XRPUSDT,SELL,LIMIT,1701091164049,70.0,0.6019
XRPUSDT,SELL,LIMIT,1701092668142,5000.0,0.5980
XRPUSDT,SELL,LIMIT,1701092751314,3460.9,0.5979
XRPUSDT,SELL,LIMIT,1701092888265,11354.4,0.6011
XRPUSDT,SELL,LIMIT,1701093117036,333.9,0.5973
XRPUSDT,SELL,LIMIT,1701093119269,92.0,0.5972
XRPUSDT,SELL,LIMIT,1701093129288,7827.2,0.5970
XRPUSDT,SELL,LIMIT,1701093130742,696.9,0.5968
XRPUSDT,SELL,LIMIT,1701093132229,2862.7,0.5967
XRPUSDT,SELL,LIMIT,1701093133946,624.6,0.5965
XRPUSDT,SELL,LIMIT,1701093136325,5964.5,0.5964
XRPUSDT,SELL,LIMIT,1701093137146,484.7,0.5962
XRPUSDT,SELL,LIMIT,1701093138444,7161.1,0.5963
XRPUSDT,BUY,LIMIT,1701093273245,1589.1,0.6057
XRPUSDT,SELL,LIMIT,1701093682007,6714.9,0.6006
XRPUSDT,SELL,LIMIT,1701094546095,55.4,0.5979
XRPUSDT,SELL,LIMIT,1701095006983,26158.3,0.5950
XRPUSDT,SELL,LIMIT,1701095010479,370.6,0.5961
XRPUSDT,SELL,LIMIT,1701095122179,6998.2,0.5961
XRPUSDT,SELL,LIMIT,1701095230041,1264.8,0.5968
XRPUSDT,SELL,LIMIT,1701095531055,1758.3,0.5970
XRPUSDT,SELL,LIMIT,1701095611440,9.7,0.5964
XRPUSDT,SELL,LIMIT,1701095612796,3322.4,0.5961
XRPUSDT,SELL,LIMIT,1701096725198,264.6,0.5962
XRPUSDT,SELL,LIMIT,1701096729208,8.8,0.5960
XRPUSDT,SELL,LIMIT,1701096737594,736.9,0.5960
XRPUSDT,SELL,LIMIT,1701096739054,3819.3,0.5960
XRPUSDT,SELL,LIMIT,1701096740172,39.1,0.5960
XRPUSDT,SELL,LIMIT,1701096748271,477.7,0.5959
XRPUSDT,SELL,LIMIT,1701096791392,4693.4,0.5961
XRPUSDT,SELL,LIMIT,1701096797797,3254.9,0.5960
XRPUSDT,SELL,LIMIT,1701096815123,11233.2,0.5959
XRPUSDT,SELL,LIMIT,1701096938502,18539.5,0.5957
XRPUSDT,SELL,LIMIT,1701097008411,1245.7,0.5963
XRPUSDT,SELL,LIMIT,1701097021073,2.3,0.5959
XRPUSDT,SELL,LIMIT,1701097023335,664.8,0.5959
XRPUSDT,SELL,LIMIT,1701097026128,654.0,0.5958
XRPUSDT,SELL,LIMIT,1701097027226,204.2,0.5959
XRPUSDT,SELL,LIMIT,1701097028263,24.9,0.5957
XRPUSDT,SELL,LIMIT,1701097029266,4109.1,0.5957
XRPUSDT,SELL,LIMIT,1701097030341,110.2,0.5957
XRPUSDT,SELL,LIMIT,1701097033579,111.0,0.5957
XRPUSDT,SELL,LIMIT,1701097037289,88.7,0.5956
XRPUSDT,SELL,LIMIT,1701097038378,229.3,0.5957
XRPUSDT,SELL,LIMIT,1701097042595,34.1,0.5956
XRPUSDT,SELL,LIMIT,1701097046044,1068.4,0.5953
XRPUSDT,SELL,LIMIT,1701097047105,2088.3,0.5952
XRPUSDT,SELL,LIMIT,1701097049157,12.2,0.5950
XRPUSDT,SELL,LIMIT,1701097050233,14420.3,0.5948
XRPUSDT,SELL,LIMIT,1701097058016,739.2,0.5950
XRPUSDT,SELL,LIMIT,1701097069053,171.6,0.5949
XRPUSDT,SELL,LIMIT,1701097070381,986.8,0.5949
XRPUSDT,SELL,LIMIT,1701097076721,1103.9,0.5949
XRPUSDT,SELL,LIMIT,1701097078168,68.9,0.5948
XRPUSDT,SELL,LIMIT,1701097079211,1085.9,0.5949
XRPUSDT,SELL,LIMIT,1701097080975,3049.5,0.5947
XRPUSDT,SELL,LIMIT,1701097088335,120.0,0.5947
XRPUSDT,SELL,LIMIT,1701097091231,5831.2,0.5947
XRPUSDT,SELL,LIMIT,1701097093545,19.8,0.5951
XRPUSDT,SELL,LIMIT,1701097096333,254.2,0.5948
XRPUSDT,SELL,LIMIT,1701097097715,262.6,0.5946
XRPUSDT,SELL,LIMIT,1701097098866,287.6,0.5946
XRPUSDT,SELL,LIMIT,1701097099909,29.8,0.5945
XRPUSDT,SELL,LIMIT,1701097101068,4496.8,0.5943
XRPUSDT,SELL,LIMIT,1701097102265,17.4,0.5943
XRPUSDT,SELL,LIMIT,1701097307457,345.5,0.5980
XRPUSDT,BUY,LIMIT,1701098351848,38.9,0.6054
XRPUSDT,BUY,LIMIT,1701098545969,32.9,0.6057
XRPUSDT,SELL,LIMIT,1701099969243,331.6,0.5986
XRPUSDT,SELL,LIMIT,1701100108826,4032.8,0.5974
XRPUSDT,SELL,LIMIT,1701100136287,425.1,0.5968
XRPUSDT,SELL,LIMIT,1701100147005,8320.8,0.5970
XRPUSDT,SELL,LIMIT,1701100182272,23.9,0.6375
XRPUSDT,SELL,LIMIT,1701100221749,121.6,0.5962
XRPUSDT,SELL,LIMIT,1701100280290,101.9,0.5962
XRPUSDT,SELL,LIMIT,1701100513231,9.0,0.5965
XRPUSDT,SELL,LIMIT,1701100530153,610.3,0.5979
XRPUSDT,SELL,LIMIT,1701100531918,495.0,0.5963
XRPUSDT,SELL,LIMIT,1701100536317,2503.8,0.5962
XRPUSDT,SELL,LIMIT,1701100549076,13197.2,0.5964
XRPUSDT,SELL,LIMIT,1701100563412,2500.0,0.5960
XRPUSDT,SELL,LIMIT,1701100564490,37.3,0.5959
XRPUSDT,SELL,LIMIT,1701100566276,62.8,0.5959
XRPUSDT,SELL,LIMIT,1701100570724,55.0,0.5974
XRPUSDT,SELL,LIMIT,1701100572006,1143.5,0.5962
XRPUSDT,SELL,LIMIT,1701100573317,6308.5,0.5957
XRPUSDT,SELL,LIMIT,1701100640517,564.6,0.5950
XRPUSDT,SELL,LIMIT,1701100642666,85.4,0.5958
XRPUSDT,SELL,LIMIT,1701100643817,3702.0,0.5949
XRPUSDT,SELL,LIMIT,1701100730640,406.3,0.5958
XRPUSDT,SELL,LIMIT,1701100773836,456.7,0.5951
XRPUSDT,SELL,LIMIT,1701100781198,2609.4,0.5950
XRPUSDT,SELL,LIMIT,1701100814078,605.8,0.5949
XRPUSDT,SELL,LIMIT,1701100909942,71214.9,0.5927
XRPUSDT,SELL,LIMIT,1701101007837,32.1,0.5953
XRPUSDT,SELL,LIMIT,1701101047683,702.5,0.5959
XRPUSDT,SELL,LIMIT,1701101063273,1154.5,0.5960
XRPUSDT,SELL,LIMIT,1701101073333,4427.0,0.5970
XRPUSDT,SELL,LIMIT,1701101140921,474.3,0.5957
XRPUSDT,SELL,LIMIT,1701101177240,12000.0,0.5964
XRPUSDT,SELL,LIMIT,1701101751062,177.1,0.5990
XRPUSDT,SELL,LIMIT,1701102197182,8113.1,0.5986
XRPUSDT,BUY,LIMIT,1701103619839,12.1,0.6056
XRPUSDT,BUY,LIMIT,1701104396130,91.8,0.6059
XRPUSDT,SELL,LIMIT,1701104764260,8275.4,0.6014
XRPUSDT,BUY,LIMIT,1701104987177,2300.0,0.6068
XRPUSDT,BUY,LIMIT,1701105015262,53.9,0.6071
XRPUSDT,BUY,LIMIT,1701105031031,1320.6,0.6072
XRPUSDT,BUY,LIMIT,1701105133389,690.5,0.6077
XRPUSDT,BUY,LIMIT,1701105135315,105.4,0.6077
XRPUSDT,SELL,LIMIT,1701106387154,1465.1,0.6001
XRPUSDT,SELL,LIMIT,1701107455097,2574.8,0.5980
XRPUSDT,SELL,LIMIT,1701107458596,80.0,0.5979
XRPUSDT,SELL,LIMIT,1701110443438,400.0,0.5984
XRPUSDT,SELL,LIMIT,1701111068134,8315.5,0.5988
XRPUSDT,BUY,LIMIT,1701111220318,27.2,0.6032
XRPUSDT,SELL,LIMIT,1701111410820,4509.6,0.5986
XRPUSDT,SELL,LIMIT,1701111596859,7362.0,0.5972
XRPUSDT,SELL,LIMIT,1701111829089,1326.3,0.5974
XRPUSDT,SELL,LIMIT,1701111912110,906.9,0.5976
XRPUSDT,SELL,LIMIT,1701111925659,34.8,0.5966
XRPUSDT,SELL,LIMIT,1701111928063,1253.7,0.5971
XRPUSDT,SELL,LIMIT,1701111983990,40417.7,0.5943
XRPUSDT,SELL,LIMIT,1701112008475,10.7,0.5961
XRPUSDT,SELL,LIMIT,1701112010406,1084.1,0.5961
XRPUSDT,SELL,LIMIT,1701112050153,26.6,0.5959
XRPUSDT,SELL,LIMIT,1701112055455,531.9,0.5957
XRPUSDT,SELL,LIMIT,1701112082783,3545.8,0.5961
XRPUSDT,SELL,LIMIT,1701112120351,333.9,0.5957
XRPUSDT,SELL,LIMIT,1701112179183,501.8,0.5954
XRPUSDT,SELL,LIMIT,1701112207603,832.9,0.5953
XRPUSDT,SELL,LIMIT,1701114162425,1000.2,0.5962
XRPUSDT,BUY,LIMIT,1701114163822,82.9,0.6021
XRPUSDT,SELL,LIMIT,1701114217023,8272.6,0.5962
XRPUSDT,SELL,LIMIT,1701114228095,8837.6,0.5962
XRPUSDT,SELL,LIMIT,1701114231261,116.2,0.5957
XRPUSDT,SELL,LIMIT,1701114234217,306.0,0.5955
XRPUSDT,SELL,LIMIT,1701114236447,8321.6,0.5953
XRPUSDT,SELL,LIMIT,1701114238321,2232.2,0.5962
XRPUSDT,SELL,LIMIT,1701114239972,3796.6,0.5951
XRPUSDT,SELL,LIMIT,1701114259067,2486.1,0.5950
XRPUSDT,SELL,LIMIT,1701114261047,921.9,0.5949
XRPUSDT,SELL,LIMIT,1701114264532,1576.8,0.5948
XRPUSDT,SELL,LIMIT,1701114274909,500.0,0.5947
XRPUSDT,SELL,LIMIT,1701114277631,1760.0,0.5945
XRPUSDT,SELL,LIMIT,1701114340207,150.3,0.5944
XRPUSDT,SELL,LIMIT,1701114342055,8295.9,0.5943
XRPUSDT,SELL,LIMIT,1701114343376,8.5,0.5942
XRPUSDT,SELL,LIMIT,1701114345336,600.0,0.5941
XRPUSDT,SELL,LIMIT,1701114352214,124.5,0.5941
XRPUSDT,SELL,LIMIT,1701114353269,16.2,0.5941
XRPUSDT,SELL,LIMIT,1701114354286,334.6,0.5939
XRPUSDT,SELL,LIMIT,1701114355341,594.3,0.5938
XRPUSDT,SELL,LIMIT,1701114356584,10477.4,0.5935
XRPUSDT,SELL,LIMIT,1701114357610,9.6,0.5935
XRPUSDT,SELL,LIMIT,1701114383059,124.4,0.5934
XRPUSDT,SELL,LIMIT,1701114455285,20810.8,0.5947
XRPUSDT,SELL,LIMIT,1701114456795,160.0,0.5945
XRPUSDT,SELL,LIMIT,1701114462270,2668.2,0.5938
XRPUSDT,SELL,LIMIT,1701114463769,19.9,0.5937
XRPUSDT,SELL,LIMIT,1701114468452,715.9,0.5935
XRPUSDT,SELL,LIMIT,1701114471425,16182.8,0.5931
XRPUSDT,SELL,LIMIT,1701114472743,16964.1,0.5932
XRPUSDT,SELL,LIMIT,1701114473890,322.9,0.5933
XRPUSDT,SELL,LIMIT,1701114474920,757.1,0.5932
XRPUSDT,SELL,LIMIT,1701114475928,42.8,0.5926
XRPUSDT,SELL,LIMIT,1701114477014,1000.0,0.5927
XRPUSDT,SELL,LIMIT,1701114487884,898.3,0.5922
XRPUSDT,SELL,LIMIT,1701114489157,814.9,0.5921
XRPUSDT,SELL,LIMIT,1701114490122,299.9,0.5921
XRPUSDT,SELL,LIMIT,1701114491150,593.1,0.5918
XRPUSDT,SELL,LIMIT,1701114493410,72.7,0.5915
XRPUSDT,SELL,LIMIT,1701114494848,4482.8,0.5915
XRPUSDT,SELL,LIMIT,1701114495850,5333.4,0.5915
XRPUSDT,SELL,LIMIT,1701114496959,293.9,0.5911
XRPUSDT,SELL,LIMIT,1701115539144,7768.3,0.5984
XRPUSDT,SELL,LIMIT,1701116735936,7761.1,0.5953
XRPUSDT,SELL,LIMIT,1701116830192,443.5,0.5938
XRPUSDT,SELL,LIMIT,1701116916051,132.6,0.5924
XRPUSDT,BUY,LIMIT,1701117177245,35.9,0.5988
XRPUSDT,SELL,LIMIT,1701117538344,396.0,0.5942
XRPUSDT,SELL,LIMIT,1701121738757,97.2,0.5973
XRPUSDT,BUY,LIMIT,1701121764633,9.9,0.6027
XRPUSDT,SELL,LIMIT,1701121839567,881.5,0.6006
XRPUSDT,SELL,LIMIT,1701122232915,932.8,0.5962
XRPUSDT,SELL,LIMIT,1701123233560,131.9,0.5969
XRPUSDT,SELL,LIMIT,1701124268648,332.9,0.5986
XRPUSDT,BUY,LIMIT,1701125823401,27.9,0.6041
XRPUSDT,BUY,LIMIT,1701126158561,2345.0,0.6046
XRPUSDT,BUY,LIMIT,1701126193124,27.1,0.6048
XRPUSDT,BUY,LIMIT,1701126655787,1398.9,0.6053
XRPUSDT,BUY,LIMIT,1701127364068,13.8,0.6058
XRPUSDT,BUY,LIMIT,1701127365122,124.7,0.6058
XRPUSDT,BUY,LIMIT,1701127378281,34.6,0.6059
XRPUSDT,BUY,LIMIT,1701127386498,233.8,0.6058
XRPUSDT,BUY,LIMIT,1701127480695,41.6,0.6061
XRPUSDT,BUY,LIMIT,1701127495325,223.7,0.6062
XRPUSDT,BUY,LIMIT,1701128042899,866.1,0.6064
XRPUSDT,BUY,LIMIT,1701128321821,750.7,0.6066
XRPUSDT,BUY,LIMIT,1701128368101,2498.6,0.6066
XRPUSDT,BUY,LIMIT,1701128369270,10.4,0.6066
XRPUSDT,SELL,LIMIT,1701129941104,4442.9,0.6005
XRPUSDT,BUY,LIMIT,1701130966606,2285.3,0.6072
XRPUSDT,BUY,LIMIT,1701131462643,13.2,0.6075
XRPUSDT,BUY,LIMIT,1701131508184,49.5,0.6069
XRPUSDT,BUY,LIMIT,1701131939365,3570.9,0.6076
XRPUSDT,BUY,LIMIT,1701131943007,10.5,0.6076
XRPUSDT,BUY,LIMIT,1701132105325,67.3,0.6078
XRPUSDT,BUY,LIMIT,1701132146341,645.6,0.6079
XRPUSDT,BUY,LIMIT,1701132261203,371.5,0.6080
XRPUSDT,BUY,LIMIT,1701132319281,838.8,0.6082
XRPUSDT,SELL,LIMIT,1701132909029,3949.1,0.6016
XRPUSDT,BUY,LIMIT,1701135783657,7952.2,0.6062
XRPUSDT,SELL,LIMIT,1701136940251,308.4,0.6084
XRPUSDT,SELL,LIMIT,1701146841638,166.1,0.5997
XRPUSDT,SELL,LIMIT,1701146917496,656.4,0.5997
XRPUSDT,SELL,LIMIT,1701147056155,497.3,0.5997
XRPUSDT,SELL,LIMIT,1701147229509,2544.5,0.5996
XRPUSDT,SELL,LIMIT,1701147764865,290.9,0.5994
XRPUSDT,SELL,LIMIT,1701148123095,10.9,0.5974
XRPUSDT,SELL,LIMIT,1701148131125,18.3,0.5972
XRPUSDT,SELL,LIMIT,1701148133839,23.8,0.5971
XRPUSDT,SELL,LIMIT,1701148220980,8263.0,0.5968
XRPUSDT,SELL,LIMIT,1701148238876,426.8,0.5966
XRPUSDT,SELL,LIMIT,1701148253695,28.1,0.5965
XRPUSDT,SELL,LIMIT,1701148429098,5000.0,0.5955
XRPUSDT,SELL,LIMIT,1701148430196,9.6,0.5957
XRPUSDT,SELL,LIMIT,1701148431638,2071.5,0.5950
XRPUSDT,SELL,LIMIT,1701148433117,69.5,0.5948
XRPUSDT,SELL,LIMIT,1701148842541,669.7,0.5953
XRPUSDT,SELL,LIMIT,1701148936103,5458.8,0.5946
XRPUSDT,SELL,LIMIT,1701148938073,8676.2,0.5946
XRPUSDT,SELL,LIMIT,1701149010164,706.3,0.5943
XRPUSDT,SELL,LIMIT,1701149011175,1852.6,0.5943
XRPUSDT,SELL,LIMIT,1701149057555,400.6,0.5942
XRPUSDT,SELL,LIMIT,1701149066250,407.5,0.5942
XRPUSDT,SELL,LIMIT,1701149067959,82834.5,0.5917
XRPUSDT,SELL,LIMIT,1701149076833,63.2,0.5941
XRPUSDT,SELL,LIMIT,1701149136092,1379.2,0.5940
XRPUSDT,SELL,LIMIT,1701149581489,1310.1,0.5950
XRPUSDT,SELL,LIMIT,1701149783736,1132.1,0.5946
XRPUSDT,SELL,LIMIT,1701149787107,12.8,0.5947
XRPUSDT,SELL,LIMIT,1701149830095,602.0,0.5943
XRPUSDT,SELL,LIMIT,1701149835426,66.1,0.5943
XRPUSDT,SELL,LIMIT,1701149838234,35.4,0.5942
XRPUSDT,SELL,LIMIT,1701149859054,208.9,0.5937
XRPUSDT,SELL,LIMIT,1701149860162,621.4,0.5937
XRPUSDT,SELL,LIMIT,1701149876316,613.6,0.5935
XRPUSDT,SELL,LIMIT,1701149880162,393.0,0.5935
XRPUSDT,SELL,LIMIT,1701149881594,1078.8,0.5933
XRPUSDT,SELL,LIMIT,1701149882985,3300.0,0.5934
XRPUSDT,SELL,LIMIT,1701149886591,666.9,0.5932
XRPUSDT,SELL,LIMIT,1701149888286,84.3,0.5931
XRPUSDT,SELL,LIMIT,1701149889934,49954.3,0.5909
XRPUSDT,SELL,LIMIT,1701149892171,99.7,0.5935
XRPUSDT,SELL,LIMIT,1701149895373,3764.3,0.5928
XRPUSDT,SELL,LIMIT,1701151263534,1185.7,0.5938
XRPUSDT,SELL,LIMIT,1701151274331,76.2,0.5935
XRPUSDT,SELL,LIMIT,1701154203231,97.4,0.5965
XRPUSDT,BUY,LIMIT,1701154698376,25.4,0.6026
XRPUSDT,BUY,LIMIT,1701155270354,4176.1,0.6038
XRPUSDT,BUY,LIMIT,1701155271496,1103.5,0.6046
XRPUSDT,SELL,LIMIT,1701155594743,8.4,0.5982
XRPUSDT,SELL,LIMIT,1701155666420,436.5,0.5982
XRPUSDT,SELL,LIMIT,1701155738147,3309.6,0.5993
XRPUSDT,SELL,LIMIT,1701156534420,11.3,0.5985
XRPUSDT,SELL,LIMIT,1701156856796,546.0,0.6572
XRPUSDT,SELL,LIMIT,1701156874928,379.2,0.5976
XRPUSDT,SELL,LIMIT,1701157917519,22.7,0.5990
XRPUSDT,BUY,LIMIT,1701157940320,16.6,0.6050
XRPUSDT,BUY,LIMIT,1701158028173,46.5,0.6054
XRPUSDT,BUY,LIMIT,1701158097276,13.8,0.6059
XRPUSDT,SELL,LIMIT,1701161917908,36.4,0.5951
XRPUSDT,SELL,LIMIT,1701161938657,582.3,0.5949
XRPUSDT,SELL,LIMIT,1701161946920,445.7,0.5948
XRPUSDT,SELL,LIMIT,1701161953195,47.8,0.5947
XRPUSDT,SELL,LIMIT,1701161977709,1122.8,0.5947
XRPUSDT,SELL,LIMIT,1701161996056,650.0,0.5946
XRPUSDT,SELL,LIMIT,1701162020781,2017.6,0.5945
XRPUSDT,SELL,LIMIT,1701162053419,1957.0,0.5944
XRPUSDT,SELL,LIMIT,1701162058491,9.4,0.5943
XRPUSDT,SELL,LIMIT,1701162630279,4068.9,0.5945
XRPUSDT,BUY,LIMIT,1701163723055,10.7,0.6051
XRPUSDT,BUY,LIMIT,1701163732183,6533.8,0.6052
XRPUSDT,BUY,LIMIT,1701163798740,52.2,0.6053
XRPUSDT,BUY,LIMIT,1701163808053,3115.4,0.6055
XRPUSDT,BUY,LIMIT,1701164295514,1166.3,0.6064
XRPUSDT,BUY,LIMIT,1701164394135,1092.5,0.6065
XRPUSDT,BUY,LIMIT,1701164395243,1609.1,0.6065
XRPUSDT,BUY,LIMIT,1701164442324,34.1,0.6067
XRPUSDT,BUY,LIMIT,1701164444676,72.4,0.6069
XRPUSDT,BUY,LIMIT,1701164478043,15.3,0.6071
XRPUSDT,BUY,LIMIT,1701166601777,8338.7,0.6073
XRPUSDT,BUY,LIMIT,1701166670805,124.0,0.6076
XRPUSDT,BUY,LIMIT,1701167415043,1835.0,0.6079
XRPUSDT,BUY,LIMIT,1701167468637,18.1,0.6080
XRPUSDT,BUY,LIMIT,1701167734053,1077.6,0.6085
XRPUSDT,BUY,LIMIT,1701167735334,17.8,0.6085
XRPUSDT,BUY,LIMIT,1701169143496,1424.6,0.6086
XRPUSDT,BUY,LIMIT,1701169163114,382.8,0.6087
XRPUSDT,BUY,LIMIT,1701169177230,10.1,0.6088
XRPUSDT,BUY,LIMIT,1701169197547,1877.8,0.6089
XRPUSDT,BUY,LIMIT,1701169215318,194.0,0.6089
XRPUSDT,BUY,LIMIT,1701170338905,292.6,0.6091
XRPUSDT,BUY,LIMIT,1701170341094,12.3,0.6091
XRPUSDT,BUY,LIMIT,1701170616146,1165.5,0.6094
XRPUSDT,BUY,LIMIT,1701170648425,35.1,0.6095
XRPUSDT,BUY,LIMIT,1701170737215,10.2,0.6096
XRPUSDT,SELL,LIMIT,1701170780984,1523.0,0.6031
XRPUSDT,BUY,LIMIT,1701171142954,1450.6,0.6096
XRPUSDT,SELL,LIMIT,1701172268726,72.2,0.6015
XRPUSDT,SELL,LIMIT,1701172333059,55.1,0.6018
XRPUSDT,SELL,LIMIT,1701172966877,1060.5,0.6018
XRPUSDT,SELL,LIMIT,1701174546260,851.4,0.6093
XRPUSDT,BUY,LIMIT,1701177893053,5303.4,0.6102
XRPUSDT,BUY,LIMIT,1701177894083,70.5,0.6101
XRPUSDT,BUY,LIMIT,1701177920237,59.8,0.6103
XRPUSDT,BUY,LIMIT,1701178017918,1842.8,0.6106
XRPUSDT,BUY,LIMIT,1701178332265,76.8,0.6108
XRPUSDT,BUY,LIMIT,1701178362478,168.1,0.6110
XRPUSDT,BUY,LIMIT,1701178365358,21.8,0.6111
XRPUSDT,BUY,LIMIT,1701178366461,16.5,0.6111
XRPUSDT,BUY,LIMIT,1701178426756,12.1,0.6112
XRPUSDT,BUY,LIMIT,1701178522455,6786.7,0.6116
XRPUSDT,SELL,LIMIT,1701178776451,49.1,0.6046
XRPUSDT,BUY,LIMIT,1701179232307,473.7,0.6116
XRPUSDT,BUY,LIMIT,1701179656844,89.0,0.6116
XRPUSDT,BUY,LIMIT,1701179658415,4223.2,0.6117
XRPUSDT,BUY,LIMIT,1701179672385,505.6,0.6118
XRPUSDT,BUY,LIMIT,1701179745092,791.3,0.6119
XRPUSDT,BUY,LIMIT,1701179754758,12.5,0.6121
XRPUSDT,BUY,LIMIT,1701179803180,145.1,0.6123
XRPUSDT,BUY,LIMIT,1701179814950,401.2,0.6123
XRPUSDT,BUY,LIMIT,1701179817011,26.5,0.6124
XRPUSDT,BUY,LIMIT,1701181252613,592.7,0.6123
XRPUSDT,BUY,LIMIT,1701181693547,413.7,0.6124
XRPUSDT,BUY,LIMIT,1701181704447,10.2,0.6125
XRPUSDT,BUY,LIMIT,1701181736853,1432.5,0.6127
XRPUSDT,BUY,LIMIT,1701181739368,516.3,0.6128
XRPUSDT,SELL,LIMIT,1701181746048,364.9,0.6081
XRPUSDT,BUY,LIMIT,1701181747197,1954.2,0.6129
XRPUSDT,BUY,LIMIT,1701181781331,14.8,0.6130
XRPUSDT,BUY,LIMIT,1701181798058,66.3,0.6131
XRPUSDT,BUY,LIMIT,1701181799084,300.0,0.6131
XRPUSDT,BUY,LIMIT,1701182328180,470.4,0.6132
XRPUSDT,BUY,LIMIT,1701182366160,38.6,0.6132
XRPUSDT,BUY,LIMIT,1701182409139,210.9,0.6133
XRPUSDT,BUY,LIMIT,1701182444804,13000.0,0.6137
XRPUSDT,BUY,LIMIT,1701182500349,1236.7,0.6136
XRPUSDT,BUY,LIMIT,1701182505291,1618.7,0.6139
XRPUSDT,BUY,LIMIT,1701182508954,97.6,0.6142
XRPUSDT,BUY,LIMIT,1701182510164,284.3,0.6144
XRPUSDT,SELL,LIMIT,1701185917673,501.3,0.6029
XRPUSDT,BUY,LIMIT,1701186203325,259.4,0.6128
XRPUSDT,SELL,LIMIT,1701186970970,1050.7,0.6120
XRPUSDT,SELL,LIMIT,1701187261434,993.5,0.6073
XRPUSDT,SELL,LIMIT,1701189032653,123.4,0.6052
XRPUSDT,BUY,LIMIT,1701190273124,62.9,0.6142
XRPUSDT,BUY,LIMIT,1701190315191,16.1,0.6145
XRPUSDT,BUY,LIMIT,1701190316514,12.1,0.6146
XRPUSDT,BUY,LIMIT,1701190317923,69.2,0.6146
XRPUSDT,BUY,LIMIT,1701190349093,1083.2,0.6147
XRPUSDT,BUY,LIMIT,1701190352418,21.5,0.6147
XRPUSDT,BUY,LIMIT,1701190373188,1617.0,0.6151
XRPUSDT,BUY,LIMIT,1701192030075,4140.2,0.6146
XRPUSDT,BUY,LIMIT,1701192035427,2554.2,0.6153
XRPUSDT,BUY,LIMIT,1701192037959,239.8,0.6154
XRPUSDT,BUY,LIMIT,1701192060878,57.8,0.6155
XRPUSDT,BUY,LIMIT,1701192062042,126.6,0.6156
XRPUSDT,BUY,LIMIT,1701192063314,470.0,0.6156
XRPUSDT,BUY,LIMIT,1701192065871,322.9,0.6157
XRPUSDT,BUY,LIMIT,1701192068105,11.3,0.6158
XRPUSDT,BUY,LIMIT,1701192072371,242.8,0.6159
XRPUSDT,BUY,LIMIT,1701192087213,1074.0,0.6161
XRPUSDT,SELL,LIMIT,1701192106270,19.8,0.6093
XRPUSDT,SELL,LIMIT,1701192109778,584.1,0.6094
XRPUSDT,BUY,LIMIT,1701192142275,2998.5,0.6159
XRPUSDT,BUY,LIMIT,1701192147162,317.2,0.6162
XRPUSDT,BUY,LIMIT,1701192148353,117.3,0.6162
XRPUSDT,BUY,LIMIT,1701192152293,217.6,0.6162
XRPUSDT,BUY,LIMIT,1701192154232,612.6,0.6163
XRPUSDT,BUY,LIMIT,1701192159220,13.8,0.6164
XRPUSDT,BUY,LIMIT,1701192317089,21.1,0.6164
XRPUSDT,BUY,LIMIT,1701192684461,1051.8,0.6165
XRPUSDT,BUY,LIMIT,1701192750670,8.4,0.6166
XRPUSDT,BUY,LIMIT,1701192767512,14.8,0.6167
XRPUSDT,SELL,LIMIT,1701193197092,3159.6,0.6090
XRPUSDT,BUY,LIMIT,1701194078434,994.9,0.6128
XRPUSDT,SELL,LIMIT,1701194656274,2063.4,0.6083
XRPUSDT,SELL,LIMIT,1701194663234,2218.3,0.6091
XRPUSDT,SELL,LIMIT,1701194815067,141.5,0.6853
XRPUSDT,SELL,LIMIT,1701197207536,186.0,0.6091
XRPUSDT,SELL,LIMIT,1701197529041,8152.6,0.6071
XRPUSDT,SELL,LIMIT,1701197833894,234.9,0.6137
XRPUSDT,BUY,LIMIT,1701197838335,34.5,0.6138
XRPUSDT,SELL,LIMIT,1701197839446,1.2,0.9817
XRPUSDT,SELL,LIMIT,1701197851420,248.1,0.6082
XRPUSDT,BUY,LIMIT,1701200540646,1043.4,0.6151
XRPUSDT,SELL,LIMIT,1701200563420,3.2,0.6102
XRPUSDT,SELL,LIMIT,1701209124584,259.8,0.6082
XRPUSDT,SELL,LIMIT,1701211905356,9080.9,0.6078
XRPUSDT,SELL,LIMIT,1701211906934,353.4,0.6074
XRPUSDT,SELL,LIMIT,1701216466142,7284.8,0.6063
XRPUSDT,SELL,LIMIT,1701216479414,1800.4,0.6058
XRPUSDT,SELL,LIMIT,1701219245317,511.6,0.6084
XRPUSDT,BUY,LIMIT,1701221965343,165.6,0.6155
XRPUSDT,SELL,LIMIT,1701223435324,195.8,0.6079
XRPUSDT,BUY,LIMIT,1701242867183,478.8,0.6170
XRPUSDT,BUY,LIMIT,1701242922726,3719.5,0.6172
XRPUSDT,BUY,LIMIT,1701242926910,16991.0,0.6177
XRPUSDT,BUY,LIMIT,1701242946684,735.5,0.6175
XRPUSDT,BUY,LIMIT,1701242948255,402.2,0.6177
XRPUSDT,BUY,LIMIT,1701242949299,9782.8,0.6179
XRPUSDT,BUY,LIMIT,1701242975868,16.4,0.6178
XRPUSDT,BUY,LIMIT,1701242976968,572.7,0.6179
XRPUSDT,BUY,LIMIT,1701242990535,8195.2,0.6180
XRPUSDT,BUY,LIMIT,1701242994059,55.3,0.6180
XRPUSDT,BUY,LIMIT,1701242995637,8.5,0.6181
XRPUSDT,BUY,LIMIT,1701243032387,357.9,0.6182
XRPUSDT,BUY,LIMIT,1701243046086,3373.7,0.6183
XRPUSDT,BUY,LIMIT,1701243048147,1407.5,0.6183
XRPUSDT,BUY,LIMIT,1701243051068,14.2,0.6184
XRPUSDT,BUY,LIMIT,1701243052282,424.6,0.6184
XRPUSDT,BUY,LIMIT,1701243077110,418.8,0.6185
XRPUSDT,BUY,LIMIT,1701243081569,8043.7,0.6186
XRPUSDT,BUY,LIMIT,1701243093130,1051.8,0.6188
XRPUSDT,BUY,LIMIT,1701243094352,13.8,0.6188
XRPUSDT,SELL,LIMIT,1701243548340,8171.1,0.6098
XRPUSDT,SELL,LIMIT,1701243610383,172.5,0.6117
XRPUSDT,BUY,LIMIT,1701243890952,84.0,0.6166
XRPUSDT,SELL,LIMIT,1701246053757,10.4,0.6087
XRPUSDT,BUY,LIMIT,1701246125258,52.8,0.5400
XRPUSDT,SELL,LIMIT,1701246428114,12.4,0.6144
XRPUSDT,BUY,LIMIT,1701246522884,303.1,0.6144
XRPUSDT,BUY,LIMIT,1701248240782,82535.4,0.6176
XRPUSDT,BUY,LIMIT,1701248364273,1439.2,0.6189
XRPUSDT,BUY,LIMIT,1701248366281,398.0,0.6193
XRPUSDT,BUY,LIMIT,1701248367443,11.0,0.6195
XRPUSDT,BUY,LIMIT,1701248370860,10.6,0.6196
XRPUSDT,BUY,LIMIT,1701248378931,13.3,0.6197
XRPUSDT,BUY,LIMIT,1701248659549,82.6,0.6183
XRPUSDT,BUY,LIMIT,1701248728270,2276.0,0.6198
XRPUSDT,BUY,LIMIT,1701248778256,21.8,0.6199
XRPUSDT,BUY,LIMIT,1701248779787,11.4,0.6199
XRPUSDT,BUY,LIMIT,1701248825077,397.4,0.6198
XRPUSDT,SELL,LIMIT,1701248850362,256.5,0.6138
XRPUSDT,BUY,LIMIT,1701250222189,826.3,0.6171
XRPUSDT,SELL,LIMIT,1701251535396,1070.6,0.6533
XRPUSDT,SELL,LIMIT,1701252409119,263.2,0.6106
XRPUSDT,SELL,LIMIT,1701253176978,3803.2,0.6112
XRPUSDT,SELL,LIMIT,1701253350100,9.9,0.6110
XRPUSDT,SELL,LIMIT,1701253586249,140.0,0.6105
XRPUSDT,SELL,LIMIT,1701254055853,25.0,0.6085
XRPUSDT,SELL,LIMIT,1701254064926,333.1,0.6084
XRPUSDT,SELL,LIMIT,1701254066044,199.1,0.6084
XRPUSDT,SELL,LIMIT,1701254295196,8147.0,0.6079
XRPUSDT,SELL,LIMIT,1701254312777,1459.8,0.6079
XRPUSDT,SELL,LIMIT,1701254363192,1921.1,0.6076
XRPUSDT,SELL,LIMIT,1701254369094,953.3,0.6075
XRPUSDT,SELL,LIMIT,1701254370251,6777.9,0.6076
XRPUSDT,SELL,LIMIT,1701254375348,1011.7,0.6075
XRPUSDT,SELL,LIMIT,1701254382334,1881.6,0.6074
XRPUSDT,SELL,LIMIT,1701254383865,17.0,0.6074
XRPUSDT,SELL,LIMIT,1701254385439,103.1,0.6074
XRPUSDT,SELL,LIMIT,1701254410112,90.1,0.6073
XRPUSDT,SELL,LIMIT,1701254411338,1399.0,0.6071
XRPUSDT,SELL,LIMIT,1701254413324,307.1,0.6071
XRPUSDT,SELL,LIMIT,1701254417019,154.8,0.6070
XRPUSDT,SELL,LIMIT,1701254418423,8101.4,0.6068
XRPUSDT,SELL,LIMIT,1701254685090,8.3,0.6064
XRPUSDT,SELL,LIMIT,1701254696740,4066.3,0.6063
XRPUSDT,SELL,LIMIT,1701254705864,3735.8,0.6075
XRPUSDT,SELL,LIMIT,1701254741997,9.3,0.6062
XRPUSDT,SELL,LIMIT,1701258418110,33.1,0.6081
XRPUSDT,SELL,LIMIT,1701262762034,184.0,0.6077
XRPUSDT,SELL,LIMIT,1701264184663,935.4,0.6120
XRPUSDT,SELL,LIMIT,1701264198934,8195.3,0.6089
XRPUSDT,SELL,LIMIT,1701268360073,609.2,0.6061
XRPUSDT,SELL,LIMIT,1701268361551,242.1,0.6060
XRPUSDT,SELL,LIMIT,1701268364678,11.4,0.6059
XRPUSDT,SELL,LIMIT,1701268372553,1313.6,0.6060
XRPUSDT,SELL,LIMIT,1701268376829,2574.1,0.6059
XRPUSDT,SELL,LIMIT,1701268414351,4922.7,0.6056
XRPUSDT,SELL,LIMIT,1701268416162,1555.3,0.6055
XRPUSDT,SELL,LIMIT,1701268417265,980.6,0.6056
XRPUSDT,SELL,LIMIT,1701268418286,532.8,0.6054
XRPUSDT,SELL,LIMIT,1701268421349,3278.9,0.6053
XRPUSDT,SELL,LIMIT,1701268422381,451.4,0.6052
XRPUSDT,SELL,LIMIT,1701268428207,147.5,0.6051
XRPUSDT,SELL,LIMIT,1701268429290,9.3,0.6051
XRPUSDT,SELL,LIMIT,1701268430299,200.0,0.6051
XRPUSDT,SELL,LIMIT,1701268432158,8.2,0.6046
XRPUSDT,SELL,LIMIT,1701268433196,2883.1,0.6044
XRPUSDT,SELL,LIMIT,1701268434220,1557.2,0.6043
XRPUSDT,SELL,LIMIT,1701268435436,109.9,0.6043
XRPUSDT,SELL,LIMIT,1701268436642,275.5,0.6041
XRPUSDT,SELL,LIMIT,1701268437921,1837.2,0.6040
XRPUSDT,SELL,LIMIT,1701268439168,690.2,0.6040
XRPUSDT,SELL,LIMIT,1701268454060,2830.3,0.6038
XRPUSDT,SELL,LIMIT,1701268455226,24.2,0.6039
XRPUSDT,SELL,LIMIT,1701269157826,46.6,0.6040
XRPUSDT,SELL,LIMIT,1701269293499,16253.2,0.6049
XRPUSDT,SELL,LIMIT,1701269403468,162.3,0.6041
XRPUSDT,SELL,LIMIT,1701270410268,898.5,0.6043
XRPUSDT,SELL,LIMIT,1701270411708,248.5,0.6041
XRPUSDT,SELL,LIMIT,1701270432111,634.5,0.6046
XRPUSDT,SELL,LIMIT,1701270438016,2000.0,0.6037
XRPUSDT,SELL,LIMIT,1701270439791,12.1,0.6036
XRPUSDT,SELL,LIMIT,1701270441013,9.7,0.6036
XRPUSDT,SELL,LIMIT,1701270442331,2074.5,0.6032
XRPUSDT,SELL,LIMIT,1701270444086,157.8,0.6031
XRPUSDT,SELL,LIMIT,1701270446891,7866.0,0.6032
XRPUSDT,SELL,LIMIT,1701270448760,699.0,0.6032
XRPUSDT,SELL,LIMIT,1701270452291,31306.4,0.6025
XRPUSDT,SELL,LIMIT,1701270507090,8195.3,0.6036
XRPUSDT,SELL,LIMIT,1701270549472,4820.8,0.6029
XRPUSDT,SELL,LIMIT,1701270557334,48.1,0.6029
XRPUSDT,SELL,LIMIT,1701270558377,2054.8,0.6028
XRPUSDT,SELL,LIMIT,1701270566520,10.7,0.6028
XRPUSDT,SELL,LIMIT,1701270568446,1674.4,0.6028
XRPUSDT,SELL,LIMIT,1701270569433,330.2,0.6027
XRPUSDT,SELL,LIMIT,1701270571198,8.4,0.6026
XRPUSDT,SELL,LIMIT,1701270572405,62.4,0.6023
XRPUSDT,SELL,LIMIT,1701270573500,35.9,0.6020
XRPUSDT,SELL,LIMIT,1701270583041,25772.7,0.6012
XRPUSDT,SELL,LIMIT,1701270584091,7967.7,0.6020
XRPUSDT,SELL,LIMIT,1701270585279,8.2,0.6019
XRPUSDT,SELL,LIMIT,1701270586293,40000.0,0.6003
XRPUSDT,SELL,LIMIT,1701270592566,703.6,0.6018
XRPUSDT,SELL,LIMIT,1701270614366,8253.5,0.6018
XRPUSDT,SELL,LIMIT,1701270616297,4478.2,0.6014
XRPUSDT,SELL,LIMIT,1701270617480,165.1,0.6017
XRPUSDT,SELL,LIMIT,1701270618400,845.2,0.6012
XRPUSDT,SELL,LIMIT,1701270619942,126.9,0.6014
XRPUSDT,SELL,LIMIT,1701270623745,1887.2,0.6020
XRPUSDT,SELL,LIMIT,1701270723631,26.8,0.6020
XRPUSDT,SELL,LIMIT,1701270764642,173.0,0.6014
XRPUSDT,SELL,LIMIT,1701270841356,113.9,0.6014
XRPUSDT,SELL,LIMIT,1701274441163,1137.6,0.6040
XRPUSDT,SELL,LIMIT,1701275809786,16.4,0.6015
XRPUSDT,SELL,LIMIT,1701275823439,517.6,0.6015
XRPUSDT,SELL,LIMIT,1701275839198,1664.3,0.6013
XRPUSDT,BUY,LIMIT,1701279436225,0.1,0.6105
XRPUSDT,SELL,LIMIT,1701283764384,187.7,0.6087
XRPUSDT,BUY,LIMIT,1701284106814,2012.2,0.6125
XRPUSDT,BUY,LIMIT,1701284478096,493.8,0.6126
XRPUSDT,SELL,LIMIT,1701284940780,518.2,0.6066
XRPUSDT,BUY,LIMIT,1701284958208,252.7,0.6116
XRPUSDT,SELL,LIMIT,1701284960354,562.7,0.6082
XRPUSDT,BUY,LIMIT,1701285058764,919.6,0.6129
XRPUSDT,SELL,LIMIT,1701285705425,4080.2,0.6050
XRPUSDT,SELL,LIMIT,1701290178487,230.9,0.6076
XRPUSDT,SELL,LIMIT,1701290335794,1459.0,0.6040
XRPUSDT,SELL,LIMIT,1701290339913,924.6,0.6038
XRPUSDT,SELL,LIMIT,1701290342052,1183.7,0.6037
XRPUSDT,SELL,LIMIT,1701290349125,2057.7,0.6035
XRPUSDT,SELL,LIMIT,1701293900400,40.6,0.6067
XRPUSDT,SELL,LIMIT,1701306276056,5167.2,0.6029
XRPUSDT,SELL,LIMIT,1701306410150,750.0,0.6027
XRPUSDT,SELL,LIMIT,1701306426219,815.9,0.6025
XRPUSDT,SELL,LIMIT,1701310276696,1138.8,0.6026
XRPUSDT,BUY,LIMIT,1701317429397,310.7,0.6112
XRPUSDT,SELL,LIMIT,1701319832162,441.7,0.6063
XRPUSDT,SELL,LIMIT,1701319887704,236.6,0.6044
XRPUSDT,SELL,LIMIT,1701321776867,1318.0,0.6018
XRPUSDT,SELL,LIMIT,1701321845093,2914.1,0.6015
XRPUSDT,SELL,LIMIT,1701321846251,32.2,0.6015
XRPUSDT,SELL,LIMIT,1701321851010,50.8,0.6015
XRPUSDT,SELL,LIMIT,1701321852708,115.4,0.6014
XRPUSDT,SELL,LIMIT,1701321893852,8208.8,0.6014
XRPUSDT,SELL,LIMIT,1701321902793,8210.1,0.6013
XRPUSDT,SELL,LIMIT,1701323734567,14.7,0.6021
XRPUSDT,SELL,LIMIT,1701327043291,2000.0,0.6016
XRPUSDT,SELL,LIMIT,1701327054287,1109.7,0.6012
XRPUSDT,SELL,LIMIT,1701327055682,2110.0,0.6009
XRPUSDT,SELL,LIMIT,1701327057259,9.9,0.6007
XRPUSDT,SELL,LIMIT,1701327058413,9.3,0.6006
XRPUSDT,BUY,LIMIT,1701330938400,34.3,0.6070
XRPUSDT,BUY,LIMIT,1701330948102,226.8,0.6068
XRPUSDT,SELL,LIMIT,1701331063524,1112.2,0.6005
XRPUSDT,SELL,LIMIT,1701331448424,780.4,0.6011
XRPUSDT,SELL,LIMIT,1701331540087,13.3,0.6006
XRPUSDT,SELL,LIMIT,1701331635093,836.1,0.6005
XRPUSDT,SELL,LIMIT,1701331636249,812.6,0.6005
XRPUSDT,SELL,LIMIT,1701331648490,7350.8,0.6004
XRPUSDT,SELL,LIMIT,1701331649545,9.4,0.6003
XRPUSDT,SELL,LIMIT,1701331651507,532.3,0.6003
XRPUSDT,SELL,LIMIT,1701331654132,251.3,0.6002
XRPUSDT,SELL,LIMIT,1701331667417,263.0,0.6001
XRPUSDT,SELL,LIMIT,1701331720174,821.4,0.6002
XRPUSDT,SELL,LIMIT,1701331745041,724.2,0.6002
XRPUSDT,SELL,LIMIT,1701331825905,9968.9,0.6000
XRPUSDT,SELL,LIMIT,1701331840505,464.7,0.6000
XRPUSDT,SELL,LIMIT,1701331841664,164.2,0.5999
XRPUSDT,SELL,LIMIT,1701331855668,612.8,0.5999
XRPUSDT,SELL,LIMIT,1701331859527,172.4,0.5998
XRPUSDT,SELL,LIMIT,1701331875033,11172.2,0.5996
XRPUSDT,SELL,LIMIT,1701331910435,2931.8,0.5997
XRPUSDT,SELL,LIMIT,1701331939198,10.2,0.5997
XRPUSDT,SELL,LIMIT,1701331940247,20.6,0.5997
XRPUSDT,SELL,LIMIT,1701331952794,1684.6,0.5997
XRPUSDT,SELL,LIMIT,1701331963991,30.3,0.5996
XRPUSDT,SELL,LIMIT,1701331970369,16.4,0.5996
XRPUSDT,SELL,LIMIT,1701332786246,365.8,0.5994
XRPUSDT,SELL,LIMIT,1701332787254,8.6,0.5994
XRPUSDT,SELL,LIMIT,1701332788480,78.9,0.5994
XRPUSDT,SELL,LIMIT,1701333056181,10266.6,0.5992
XRPUSDT,SELL,LIMIT,1701333063820,95.8,0.5993
XRPUSDT,SELL,LIMIT,1701333065022,22.9,0.5993
XRPUSDT,SELL,LIMIT,1701333066042,4092.3,0.5990
XRPUSDT,SELL,LIMIT,1701333113368,500.0,0.6002
XRPUSDT,SELL,LIMIT,1701333153049,30.7,0.5990
XRPUSDT,SELL,LIMIT,1701333154111,104.4,0.5989
XRPUSDT,SELL,LIMIT,1701333158037,1021.8,0.5988
XRPUSDT,SELL,LIMIT,1701333159145,4141.6,0.5988
XRPUSDT,SELL,LIMIT,1701333165276,11.7,0.5988
XRPUSDT,SELL,LIMIT,1701333166314,34.2,0.5986
XRPUSDT,SELL,LIMIT,1701333167486,47.8,0.5986
XRPUSDT,SELL,LIMIT,1701333296412,590.0,0.5985
XRPUSDT,SELL,LIMIT,1701333297413,4420.0,0.5985
XRPUSDT,SELL,LIMIT,1701333320271,393.2,0.5984
XRPUSDT,SELL,LIMIT,1701333350336,21.3,0.5985
XRPUSDT,SELL,LIMIT,1701333361271,266.2,0.5984
XRPUSDT,SELL,LIMIT,1701333362272,30.0,0.5971
XRPUSDT,SELL,LIMIT,1701333363283,5208.2,0.5976
XRPUSDT,SELL,LIMIT,1701333364328,41.4,0.5961
XRPUSDT,SELL,LIMIT,1701333366264,16469.0,0.5953
XRPUSDT,SELL,LIMIT,1701333445699,11000.0,0.5964
XRPUSDT,SELL,LIMIT,1701333456229,10.2,0.5993
XRPUSDT,SELL,LIMIT,1701333552706,109.0,0.5964
XRPUSDT,SELL,LIMIT,1701333558040,6568.1,0.5962
XRPUSDT,SELL,LIMIT,1701333673638,4250.4,0.5960
XRPUSDT,SELL,LIMIT,1701333680444,322324.3,0.5887
XRPUSDT,BUY,LIMIT,1701340248539,16.5,0.6069
XRPUSDT,BUY,LIMIT,1701344051948,16.1,0.6076
XRPUSDT,BUY,LIMIT,1701344145251,18.6,0.6079
XRPUSDT,BUY,LIMIT,1701344879830,32.9,0.6086
XRPUSDT,BUY,LIMIT,1701346022722,40.8,0.6093
XRPUSDT,SELL,LIMIT,1701346488416,1711.0,0.6020
XRPUSDT,SELL,LIMIT,1701349396440,8297.3,0.6023
XRPUSDT,SELL,LIMIT,1701352289499,2907.0,0.6001
XRPUSDT,SELL,LIMIT,1701352304968,24.7,0.6005
XRPUSDT,SELL,LIMIT,1701352525074,204.6,0.5991
XRPUSDT,SELL,LIMIT,1701352979836,1562.0,0.5985
XRPUSDT,SELL,LIMIT,1701353003908,32.0,0.5983
XRPUSDT,SELL,LIMIT,1701353010535,4967.2,0.5980
XRPUSDT,SELL,LIMIT,1701353012664,345.5,0.5979
XRPUSDT,SELL,LIMIT,1701353048608,727.3,0.5977
XRPUSDT,SELL,LIMIT,1701353063338,126.6,0.5976
XRPUSDT,SELL,LIMIT,1701353065218,120.3,0.5976
XRPUSDT,SELL,LIMIT,1701353081157,2463.4,0.5976
XRPUSDT,BUY,LIMIT,1701354754590,69.2,0.6046
XRPUSDT,SELL,LIMIT,1701360467188,11.7,0.5976
XRPUSDT,SELL,LIMIT,1701361302823,11.6,0.5974
XRPUSDT,SELL,LIMIT,1701364529267,34.2,0.5972
XRPUSDT,SELL,LIMIT,1701369349951,1311.7,0.6042
XRPUSDT,SELL,LIMIT,1701369728931,15.4,0.6010
XRPUSDT,BUY,LIMIT,1701378035254,9.0,0.6087
XRPUSDT,BUY,LIMIT,1701378649067,165.7,0.6091
XRPUSDT,BUY,LIMIT,1701378650315,8.7,0.6099
XRPUSDT,SELL,LIMIT,1701378838076,122.9,0.6039
XRPUSDT,BUY,LIMIT,1701379542277,329.1,0.6102
XRPUSDT,BUY,LIMIT,1701379564994,283.5,0.6103
XRPUSDT,BUY,LIMIT,1701379575745,37.8,0.6103
XRPUSDT,BUY,LIMIT,1701379624985,165.6,0.6104
XRPUSDT,BUY,LIMIT,1701379642260,153.2,0.6105
XRPUSDT,BUY,LIMIT,1701379683786,130.9,0.6105
XRPUSDT,BUY,LIMIT,1701379687091,12.1,0.6105
XRPUSDT,BUY,LIMIT,1701379689983,184.0,0.6106
XRPUSDT,BUY,LIMIT,1701379848931,53.0,0.6107
XRPUSDT,BUY,LIMIT,1701379851532,6548.5,0.6107
XRPUSDT,BUY,LIMIT,1701379867272,8315.3,0.6107
XRPUSDT,BUY,LIMIT,1701379899765,1321.4,0.6093
XRPUSDT,SELL,LIMIT,1701385357732,244.1,0.6022
XRPUSDT,SELL,LIMIT,1701389922335,2142.5,0.6047
XRPUSDT,SELL,LIMIT,1701390390117,69.9,0.6008
XRPUSDT,BUY,LIMIT,1701393897066,2489.2,0.6097
XRPUSDT,BUY,LIMIT,1701394086139,3.7,0.6108
XRPUSDT,BUY,LIMIT,1701394159184,3336.2,0.6109
XRPUSDT,BUY,LIMIT,1701394241553,9.2,0.6110
XRPUSDT,BUY,LIMIT,1701394245159,200.0,0.6112
XRPUSDT,BUY,LIMIT,1701394246435,281.6,0.6113
XRPUSDT,BUY,LIMIT,1701394251456,1606.8,0.6114
XRPUSDT,BUY,LIMIT,1701394555840,233.7,0.6052
XRPUSDT,BUY,LIMIT,1701394661097,9.7,0.6115
XRPUSDT,BUY,LIMIT,1701394760117,791.3,0.6116
XRPUSDT,BUY,LIMIT,1701394767213,106.4,0.6117
XRPUSDT,BUY,LIMIT,1701394768519,8280.8,0.6117
XRPUSDT,BUY,LIMIT,1701394779328,24.8,0.6118
XRPUSDT,BUY,LIMIT,1701395786822,72.4,0.6122
XRPUSDT,BUY,LIMIT,1701395821652,8.7,0.6124
XRPUSDT,BUY,LIMIT,1701395825944,246.9,0.6124
XRPUSDT,BUY,LIMIT,1701395872045,226.2,0.6125
XRPUSDT,BUY,LIMIT,1701395880902,52.3,0.6125
XRPUSDT,BUY,LIMIT,1701396024203,122.6,0.6126
XRPUSDT,BUY,LIMIT,1701397374202,319.6,0.6122
XRPUSDT,BUY,LIMIT,1701398044298,180.9,0.6127
XRPUSDT,BUY,LIMIT,1701398282072,707.9,0.6129
XRPUSDT,BUY,LIMIT,1701398283154,88.9,0.6129
XRPUSDT,BUY,LIMIT,1701398349647,61.9,0.6133
XRPUSDT,BUY,LIMIT,1701398351179,9065.3,0.6135
XRPUSDT,BUY,LIMIT,1701398356155,28.8,0.6136
XRPUSDT,BUY,LIMIT,1701398358668,885.2,0.6137
XRPUSDT,BUY,LIMIT,1701398402215,4682.0,0.6137
XRPUSDT,BUY,LIMIT,1701398452125,65.1,0.6140
XRPUSDT,SELL,LIMIT,1701398573836,121.4,0.6078
XRPUSDT,BUY,LIMIT,1701398745945,795.9,0.6141
XRPUSDT,BUY,LIMIT,1701398754311,107.4,0.6143
XRPUSDT,BUY,LIMIT,1701398848224,66.3,0.6148
XRPUSDT,BUY,LIMIT,1701398849236,42.8,0.6152
XRPUSDT,BUY,LIMIT,1701399101158,1304.4,0.6153
XRPUSDT,BUY,LIMIT,1701401243698,8.3,0.6141
XRPUSDT,BUY,LIMIT,1701402824761,165.9,0.6140
XRPUSDT,BUY,LIMIT,1701404982974,360.6,0.6154
XRPUSDT,BUY,LIMIT,1701405515309,9.0,0.6147
XRPUSDT,SELL,LIMIT,1701405701514,16.5,0.6085
XRPUSDT,BUY,LIMIT,1701405880094,4750.1,0.6144
XRPUSDT,SELL,LIMIT,1701414500355,24.7,0.6551
XRPUSDT,BUY,LIMIT,1701414727002,48.2,0.6138
XRPUSDT,BUY,LIMIT,1701417894319,8263.0,0.6131
XRPUSDT,SELL,LIMIT,1701421596966,5530.5,0.6090
XRPUSDT,BUY,LIMIT,1701421767181,2471.9,0.6146
XRPUSDT,SELL,LIMIT,1701421838100,802.7,0.6091
XRPUSDT,BUY,LIMIT,1701422224200,1068.5,0.6160
XRPUSDT,BUY,LIMIT,1701422227087,477.2,0.6160
XRPUSDT,BUY,LIMIT,1701422231664,3200.0,0.6162
XRPUSDT,BUY,LIMIT,1701422239115,9.5,0.6162
XRPUSDT,BUY,LIMIT,1701422240260,631.1,0.6138
XRPUSDT,BUY,LIMIT,1701422244915,26802.3,0.6179
XRPUSDT,BUY,LIMIT,1701422315537,2273.8,0.6168
XRPUSDT,BUY,LIMIT,1701422318609,28.2,0.6171
XRPUSDT,BUY,LIMIT,1701422319734,149.7,0.6172
XRPUSDT,BUY,LIMIT,1701424184829,189.0,0.6166
XRPUSDT,BUY,LIMIT,1701424578412,53.7,0.6173
XRPUSDT,BUY,LIMIT,1701424610294,8.7,0.6174
XRPUSDT,BUY,LIMIT,1701424808061,51.6,0.6173
XRPUSDT,BUY,LIMIT,1701424848032,61.6,0.6174
XRPUSDT,BUY,LIMIT,1701424959431,1458.2,0.6176
XRPUSDT,SELL,LIMIT,1701430226419,89.9,0.6219
XRPUSDT,SELL,LIMIT,1701434494527,632.9,0.6068
XRPUSDT,SELL,LIMIT,1701434556406,36.5,0.6070
XRPUSDT,SELL,LIMIT,1701434867707,4492.2,0.6060
XRPUSDT,SELL,LIMIT,1701435030266,8156.9,0.6059
XRPUSDT,SELL,LIMIT,1701435043586,1636.2,0.6057
XRPUSDT,SELL,LIMIT,1701438552487,255.5,0.6057
XRPUSDT,SELL,LIMIT,1701438554356,8.6,0.6056
XRPUSDT,SELL,LIMIT,1701438555480,402.2,0.6055
XRPUSDT,SELL,LIMIT,1701438556625,103.1,0.6054
XRPUSDT,SELL,LIMIT,1701439875983,6459.5,0.6051
XRPUSDT,SELL,LIMIT,1701439877243,24.8,0.6049
XRPUSDT,SELL,LIMIT,1701439898800,17.3,0.6048
XRPUSDT,SELL,LIMIT,1701440286088,3503.8,0.6039
XRPUSDT,SELL,LIMIT,1701440287238,2437.5,0.6044
XRPUSDT,SELL,LIMIT,1701440353388,142.2,0.6038
XRPUSDT,SELL,LIMIT,1701440355017,5582.9,0.6036
XRPUSDT,SELL,LIMIT,1701440356967,163.5,0.6037
XRPUSDT,BUY,LIMIT,1701441615034,277.0,0.6113
XRPUSDT,SELL,LIMIT,1701441622581,30.7,0.6054
XRPUSDT,SELL,LIMIT,1701441793264,5895.6,0.6051
XRPUSDT,SELL,LIMIT,1701441837375,65.5,0.6048
XRPUSDT,SELL,LIMIT,1701441839377,130.0,0.6048
XRPUSDT,SELL,LIMIT,1701441852988,672.5,0.6046
XRPUSDT,BUY,LIMIT,1701441955839,163.6,0.6111
XRPUSDT,SELL,LIMIT,1701442250594,4113.6,0.6036
XRPUSDT,SELL,LIMIT,1701442252060,10.8,0.6035
XRPUSDT,SELL,LIMIT,1701442371443,1023.1,0.6037
XRPUSDT,SELL,LIMIT,1701442383065,473.8,0.6034
XRPUSDT,SELL,LIMIT,1701442391203,192.2,0.6034
XRPUSDT,SELL,LIMIT,1701442392605,40.0,0.6034
XRPUSDT,SELL,LIMIT,1701442488114,3357.6,0.6037
XRPUSDT,SELL,LIMIT,1701442547246,955.5,0.6033
XRPUSDT,SELL,LIMIT,1701443406358,5731.5,0.6043
XRPUSDT,SELL,LIMIT,1701443685528,105.2,0.6038
XRPUSDT,SELL,LIMIT,1701443692545,7905.1,0.6038
XRPUSDT,SELL,LIMIT,1701443708544,592.9,0.6042
XRPUSDT,SELL,LIMIT,1701444497066,110.7,0.6033
XRPUSDT,SELL,LIMIT,1701444525652,2045.8,0.6032
XRPUSDT,SELL,LIMIT,1701444528311,97.8,0.6032
XRPUSDT,SELL,LIMIT,1701446506213,9.3,0.6052
XRPUSDT,SELL,LIMIT,1701447384213,229.6,0.6055
XRPUSDT,BUY,LIMIT,1701447584821,2.8,0.6121
XRPUSDT,BUY,LIMIT,1701447600572,42.9,0.6125
XRPUSDT,BUY,LIMIT,1701447917278,570.5,0.6126
XRPUSDT,BUY,LIMIT,1701447988868,59.5,0.6133
XRPUSDT,BUY,LIMIT,1701448077341,8048.4,0.6136
XRPUSDT,BUY,LIMIT,1701448433071,46.9,0.6139
XRPUSDT,BUY,LIMIT,1701448474632,88.6,0.6146
XRPUSDT,BUY,LIMIT,1701448480787,206.3,0.6147
XRPUSDT,BUY,LIMIT,1701448490257,224.3,0.6149
XRPUSDT,SELL,LIMIT,1701448495053,3251.6,0.6090
XRPUSDT,BUY,LIMIT,1701448523759,15.7,0.6151
XRPUSDT,BUY,LIMIT,1701448530254,102.9,0.6152
XRPUSDT,BUY,LIMIT,1701448536764,8217.7,0.6154
XRPUSDT,SELL,LIMIT,1701451944103,900.0,0.6064
XRPUSDT,SELL,LIMIT,1701452347425,751.0,0.6062
XRPUSDT,SELL,LIMIT,1701453795734,180.4,0.6328
XRPUSDT,BUY,LIMIT,1701464787608,587.4,0.6155
XRPUSDT,BUY,LIMIT,1701464897192,403.6,0.6157
XRPUSDT,BUY,LIMIT,1701464900076,12.7,0.6157
XRPUSDT,BUY,LIMIT,1701466629086,605.4,0.6161
XRPUSDT,BUY,LIMIT,1701466652870,873.4,0.6161
XRPUSDT,BUY,LIMIT,1701466665136,61.5,0.6162
XRPUSDT,BUY,LIMIT,1701466676288,1161.0,0.6163
XRPUSDT,BUY,LIMIT,1701467591290,34.5,0.6164
XRPUSDT,BUY,LIMIT,1701472934580,11.0,0.6165
XRPUSDT,SELL,LIMIT,1701477459509,1642.0,0.6087
XRPUSDT,SELL,LIMIT,1701480454791,1064.9,0.6098
XRPUSDT,BUY,LIMIT,1701483096511,327.9,0.6160
XRPUSDT,BUY,LIMIT,1701485737909,853.7,0.6154
XRPUSDT,SELL,LIMIT,1701485992641,9.9,0.6148
XRPUSDT,SELL,LIMIT,1701485995324,350.2,0.6094
XRPUSDT,SELL,LIMIT,1701485997970,10.3,0.6094
XRPUSDT,BUY,LIMIT,1701485999456,145.8,0.6154
XRPUSDT,BUY,LIMIT,1701486002078,291.6,0.6155
XRPUSDT,SELL,LIMIT,1701486003153,23.4,0.6343
XRPUSDT,SELL,LIMIT,1701486005367,83.2,0.6345
XRPUSDT,BUY,LIMIT,1701486006425,40.4,0.6155
XRPUSDT,BUY,LIMIT,1701487588527,9.4,0.6167
XRPUSDT,SELL,LIMIT,1701488235925,1848.6,0.6116
XRPUSDT,SELL,LIMIT,1701488344424,801.7,0.6151
XRPUSDT,SELL,LIMIT,1701488660341,79.1,0.6170
XRPUSDT,SELL,LIMIT,1701489420289,26.1,0.6129
XRPUSDT,BUY,LIMIT,1701491404218,2955.1,0.6171
XRPUSDT,BUY,LIMIT,1701491743840,76.3,0.6172
XRPUSDT,BUY,LIMIT,1701491852029,131.4,0.6171
XRPUSDT,BUY,LIMIT,1701492683459,82.8,0.6173
XRPUSDT,BUY,LIMIT,1701492803590,492.1,0.6174
XRPUSDT,BUY,LIMIT,1701492813013,2368.6,0.6175
XRPUSDT,BUY,LIMIT,1701492850227,99.0,0.6177
XRPUSDT,BUY,LIMIT,1701492851253,68.3,0.6177
XRPUSDT,BUY,LIMIT,1701492853847,58.4,0.6178
XRPUSDT,BUY,LIMIT,1701492871486,653.3,0.6178
XRPUSDT,BUY,LIMIT,1701492884522,14.3,0.6179
XRPUSDT,BUY,LIMIT,1701492898472,1222.3,0.6181
XRPUSDT,BUY,LIMIT,1701492900739,744.4,0.6181
XRPUSDT,BUY,LIMIT,1701492903245,506.4,0.6181
XRPUSDT,BUY,LIMIT,1701492923131,56.3,0.6181
XRPUSDT,BUY,LIMIT,1701493051606,767.9,0.6181
XRPUSDT,BUY,LIMIT,1701497293458,210.9,0.6173
XRPUSDT,BUY,LIMIT,1701497679899,11.5,0.6182
XRPUSDT,BUY,LIMIT,1701497693824,25.2,0.6183
XRPUSDT,BUY,LIMIT,1701497719218,629.8,0.6184
XRPUSDT,BUY,LIMIT,1701498215386,681.8,0.6185
XRPUSDT,BUY,LIMIT,1701498246102,4565.6,0.6186
XRPUSDT,BUY,LIMIT,1701498276778,64.6,0.6187
XRPUSDT,BUY,LIMIT,1701498287080,13.6,0.6187
XRPUSDT,BUY,LIMIT,1701498291404,52.8,0.6188
XRPUSDT,BUY,LIMIT,1701498297334,242.0,0.6188
XRPUSDT,BUY,LIMIT,1701498314030,19.6,0.6189
XRPUSDT,BUY,LIMIT,1701500365218,1973.6,0.6189
XRPUSDT,BUY,LIMIT,1701500427017,11.7,0.6190
XRPUSDT,BUY,LIMIT,1701500515418,3566.4,0.6190
XRPUSDT,BUY,LIMIT,1701500680350,952.6,0.6191
XRPUSDT,BUY,LIMIT,1701500684312,84.5,0.6192
XRPUSDT,BUY,LIMIT,1701500699531,8.6,0.6192
XRPUSDT,BUY,LIMIT,1701500775512,83.1,0.6192
XRPUSDT,BUY,LIMIT,1701500781503,27.1,0.6193
XRPUSDT,BUY,LIMIT,1701500790548,1690.0,0.6193
XRPUSDT,BUY,LIMIT,1701500811493,8.5,0.6194
XRPUSDT,BUY,LIMIT,1701508542060,36.9,0.6177
