Symbol,Side,Order Type,Time,Quantity,Price
XTZUSDT,BUY,LIMIT,1701924067963,1758.7,0.920
XTZUSDT,BUY,LIMIT,1701925205084,3037.6,0.932
XTZUSDT,BUY,LIMIT,1701928728985,7.5,0.937
XTZUSDT,SELL,LIMIT,1701930796103,52.7,0.903
XTZUSDT,BUY,LIMIT,1701934897726,43.9,0.932
XTZUSDT,SELL,LIMIT,1701940424268,545.8,0.884
XTZUSDT,SELL,LIMIT,1701940556772,99.7,0.881
XTZUSDT,SELL,LIMIT,1701940559226,0.1,1.778
XTZUSDT,SELL,LIMIT,1701940561380,57.6,0.880
XTZUSDT,SELL,LIMIT,1701941050084,5.5,0.875
XTZUSDT,SELL,LIMIT,1701941187825,1126.1,0.871
XTZUSDT,SELL,LIMIT,1701941218066,818.9,0.870
XTZUSDT,SELL,LIMIT,1701941239904,794.0,0.870
XTZUSDT,SELL,LIMIT,1701941243515,500.0,0.870
XTZUSDT,BUY,LIMIT,1701953976590,0.1,0.927
XTZUSDT,BUY,LIMIT,1701964373666,14.7,0.924
XTZUSDT,BUY,LIMIT,1701965058187,73.6,0.925
XTZUSDT,BUY,LIMIT,1701966104405,1372.3,0.931
XTZUSDT,SELL,LIMIT,1701966504952,330.0,0.904
XTZUSDT,SELL,LIMIT,1701971028287,340.6,0.901
XTZUSDT,SELL,LIMIT,1701974278389,339.3,0.898
XTZUSDT,SELL,LIMIT,1701974287575,10.0,0.898
XTZUSDT,SELL,LIMIT,1701976470432,356.5,0.894
XTZUSDT,SELL,LIMIT,1701991469298,279.5,0.893
XTZUSDT,SELL,LIMIT,1702017302728,41.7,0.900
XTZUSDT,SELL,LIMIT,1702020530518,17.1,0.894
XTZUSDT,SELL,LIMIT,1702020534459,2262.7,0.893
XTZUSDT,SELL,LIMIT,1702020598928,8965.0,0.891
XTZUSDT,SELL,LIMIT,1702020632729,2735.2,0.891
XTZUSDT,SELL,LIMIT,1702020634684,42.3,0.891
XTZUSDT,SELL,LIMIT,1702029250306,1194.0,0.895
XTZUSDT,BUY,LIMIT,1702035439938,1071.2,0.933
XTZUSDT,BUY,LIMIT,1702038021720,34.6,0.936
XTZUSDT,BUY,LIMIT,1702043343353,555.1,0.938
XTZUSDT,BUY,LIMIT,1702043716338,110.8,0.938
XTZUSDT,BUY,LIMIT,1702044979556,172.3,0.939
XTZUSDT,BUY,LIMIT,1702045907538,6.7,0.943
XTZUSDT,BUY,LIMIT,1702046650912,1997.7,0.945
XTZUSDT,SELL,LIMIT,1702049029536,59.0,0.914
XTZUSDT,SELL,LIMIT,1702051257588,9579.6,0.918
XTZUSDT,BUY,LIMIT,1702051501763,41.6,0.946
XTZUSDT,BUY,LIMIT,1702051617014,29.2,0.947
XTZUSDT,BUY,LIMIT,1702051773173,102.6,0.950
XTZUSDT,BUY,LIMIT,1702052025547,29.0,0.950
XTZUSDT,BUY,LIMIT,1702052161449,55.0,0.952
XTZUSDT,BUY,LIMIT,1702052521804,21.9,0.955
XTZUSDT,BUY,LIMIT,1702053445379,75.6,0.951
XTZUSDT,SELL,LIMIT,1702067636908,350.0,0.925
XTZUSDT,BUY,LIMIT,1702068614237,1245.1,0.952
XTZUSDT,BUY,LIMIT,1702079076389,2153.5,0.960
XTZUSDT,BUY,LIMIT,1702079161071,12.6,0.961
XTZUSDT,BUY,LIMIT,1702079197824,11.5,0.961
XTZUSDT,BUY,LIMIT,1702080100179,32.2,0.961
XTZUSDT,BUY,LIMIT,1702081149047,280.3,0.965
XTZUSDT,BUY,LIMIT,1702081413272,223.1,0.966
XTZUSDT,BUY,LIMIT,1702081558378,113.5,0.966
XTZUSDT,BUY,LIMIT,1702081755489,23.0,0.967
XTZUSDT,BUY,LIMIT,1702081925129,7.0,0.969
XTZUSDT,BUY,LIMIT,1702081954711,117.5,0.969
XTZUSDT,BUY,LIMIT,1702082665070,13.0,0.974
XTZUSDT,BUY,LIMIT,1702082931183,9.3,0.974
XTZUSDT,BUY,LIMIT,1702082974938,55.2,0.975
XTZUSDT,BUY,LIMIT,1702082980726,124.8,0.975
XTZUSDT,BUY,LIMIT,1702083126195,55.2,0.975
XTZUSDT,BUY,LIMIT,1702083491308,179.2,0.978
XTZUSDT,BUY,LIMIT,1702083493589,61.5,0.978
XTZUSDT,BUY,LIMIT,1702083816460,14394.5,0.982
XTZUSDT,BUY,LIMIT,1702083822038,12.2,0.979
XTZUSDT,BUY,LIMIT,1702083828327,379.3,0.979
XTZUSDT,BUY,LIMIT,1702083830174,80.3,0.979
XTZUSDT,SELL,LIMIT,1702084006122,211.2,0.945
XTZUSDT,BUY,LIMIT,1702085719849,55.5,0.977
XTZUSDT,BUY,LIMIT,1702086507645,44.8,0.976
XTZUSDT,BUY,LIMIT,1702088432270,76.2,0.980
XTZUSDT,BUY,LIMIT,1702091781755,45.2,0.981
XTZUSDT,BUY,LIMIT,1702092039229,181.5,0.982
XTZUSDT,BUY,LIMIT,1702092133427,2982.1,0.982
XTZUSDT,BUY,LIMIT,1702092346328,55.7,0.983
XTZUSDT,BUY,LIMIT,1702092936827,10033.8,0.986
XTZUSDT,BUY,LIMIT,1702093183255,55.5,0.986
XTZUSDT,BUY,LIMIT,1702093522139,60.8,0.987
XTZUSDT,BUY,LIMIT,1702093551789,9746.6,0.988
XTZUSDT,BUY,LIMIT,1702093564188,3642.2,0.989
XTZUSDT,BUY,LIMIT,1702093567991,5.2,0.989
XTZUSDT,BUY,LIMIT,1702094637343,11.7,0.993
XTZUSDT,BUY,LIMIT,1702095932743,343.1,0.994
XTZUSDT,BUY,LIMIT,1702096269409,1425.0,0.997
XTZUSDT,SELL,LIMIT,1702096521068,23.0,0.969
XTZUSDT,BUY,LIMIT,1702096641652,831.7,0.998
XTZUSDT,BUY,LIMIT,1702097212156,54.7,0.996
XTZUSDT,BUY,LIMIT,1702097487841,12.1,0.996
XTZUSDT,BUY,LIMIT,1702097847451,37.7,0.998
XTZUSDT,BUY,LIMIT,1702102361560,55.5,0.992
XTZUSDT,BUY,LIMIT,1702102929864,55.2,0.993
XTZUSDT,BUY,LIMIT,1702103376622,105.4,0.996
XTZUSDT,BUY,LIMIT,1702106163839,100.0,0.999
XTZUSDT,BUY,LIMIT,1702106825704,170.9,0.998
XTZUSDT,BUY,LIMIT,1702106897665,5.2,1.001
XTZUSDT,BUY,LIMIT,1702107009264,2190.6,1.002
XTZUSDT,BUY,LIMIT,1702107022380,25.3,1.002
XTZUSDT,BUY,LIMIT,1702107332311,40.7,1.004
XTZUSDT,BUY,LIMIT,1702108383655,65.5,1.005
XTZUSDT,BUY,LIMIT,1702109107754,2000.0,1.006
XTZUSDT,BUY,LIMIT,1702109250655,148.5,1.007
XTZUSDT,BUY,LIMIT,1702109331820,25.5,1.008
XTZUSDT,BUY,LIMIT,1702109481808,127.1,1.006
XTZUSDT,BUY,LIMIT,1702109883274,10.6,1.006
XTZUSDT,BUY,LIMIT,1702110013229,56.6,1.009
XTZUSDT,BUY,LIMIT,1702110016575,17.9,1.009
XTZUSDT,BUY,LIMIT,1702110022045,217.8,1.010
XTZUSDT,BUY,LIMIT,1702110023131,51.9,1.011
XTZUSDT,BUY,LIMIT,1702110597385,5.2,1.012
XTZUSDT,SELL,LIMIT,1702110967394,408.3,0.972
XTZUSDT,BUY,LIMIT,1702111031400,89.2,0.993
XTZUSDT,SELL,LIMIT,1702111040450,1016.2,0.964
XTZUSDT,SELL,LIMIT,1702111041633,209.0,0.968
XTZUSDT,SELL,LIMIT,1702111044469,492.9,0.962
XTZUSDT,SELL,LIMIT,1702111045597,449.7,0.959
XTZUSDT,SELL,LIMIT,1702111202581,306.0,0.957
XTZUSDT,SELL,LIMIT,1702111375425,504.5,0.956
XTZUSDT,SELL,LIMIT,1702111385199,21704.4,0.948
XTZUSDT,SELL,LIMIT,1702111386281,344.7,0.953
XTZUSDT,SELL,LIMIT,1702111389414,1068.8,0.951
XTZUSDT,SELL,LIMIT,1702112097373,41.5,0.962
XTZUSDT,BUY,LIMIT,1702113787407,46.1,1.000
XTZUSDT,SELL,LIMIT,1702115629486,708.3,0.958
XTZUSDT,SELL,LIMIT,1702132979661,2021.2,0.969
XTZUSDT,SELL,LIMIT,1702132998483,50.8,0.987
XTZUSDT,SELL,LIMIT,1702133000892,5.1,0.967
XTZUSDT,BUY,LIMIT,1702133043804,1551.6,0.994
XTZUSDT,SELL,LIMIT,1702133340068,18.8,0.967
XTZUSDT,BUY,LIMIT,1702135129363,27.6,1.001
XTZUSDT,SELL,LIMIT,1702137715566,191.2,0.977
XTZUSDT,SELL,LIMIT,1702138248591,7046.4,0.974
XTZUSDT,SELL,LIMIT,1702138951685,2022.2,0.970
XTZUSDT,SELL,LIMIT,1702139279386,6.6,0.966
XTZUSDT,BUY,LIMIT,1702144942432,26963.6,0.999
XTZUSDT,BUY,LIMIT,1702146072149,5.8,0.999
XTZUSDT,BUY,LIMIT,1702146595407,6.3,1.000
XTZUSDT,BUY,LIMIT,1702159926401,25.9,1.001
XTZUSDT,SELL,LIMIT,1702164303204,1653.9,0.965
XTZUSDT,SELL,LIMIT,1702164549522,148.3,0.963
XTZUSDT,SELL,LIMIT,1702164750482,5.1,0.958
XTZUSDT,SELL,LIMIT,1702164800987,54.9,0.956
XTZUSDT,SELL,LIMIT,1702164802845,3463.8,0.955
XTZUSDT,SELL,LIMIT,1702164808453,281.9,0.953
XTZUSDT,SELL,LIMIT,1702177242061,37.2,0.964
XTZUSDT,BUY,LIMIT,1702183144794,14.7,0.996
XTZUSDT,SELL,LIMIT,1702190364217,2408.1,0.966
XTZUSDT,SELL,LIMIT,1702191724428,5.2,0.964
XTZUSDT,BUY,LIMIT,1702192351308,104.8,0.992
XTZUSDT,SELL,LIMIT,1702200247148,506.8,0.950
XTZUSDT,SELL,LIMIT,1702200650489,612.7,0.946
XTZUSDT,SELL,LIMIT,1702200729019,220.7,0.945
XTZUSDT,SELL,LIMIT,1702200742245,1057.3,0.944
XTZUSDT,SELL,LIMIT,1702200889841,6016.0,0.941
XTZUSDT,SELL,LIMIT,1702200917133,73.7,0.941
XTZUSDT,SELL,LIMIT,1702200933286,396.7,0.940
XTZUSDT,SELL,LIMIT,1702200935518,50.2,0.939
XTZUSDT,SELL,LIMIT,1702200940071,62.6,0.939
XTZUSDT,SELL,LIMIT,1702201409351,107.1,0.939
XTZUSDT,SELL,LIMIT,1702202056436,293.4,0.938
XTZUSDT,SELL,LIMIT,1702202077306,20.2,0.937
XTZUSDT,SELL,LIMIT,1702202151028,1849.2,0.937
XTZUSDT,SELL,LIMIT,1702202157080,406.0,0.937
XTZUSDT,SELL,LIMIT,1702202161198,166.5,0.936
XTZUSDT,SELL,LIMIT,1702202162632,17.4,0.936
XTZUSDT,SELL,LIMIT,1702202250317,14.6,0.935
XTZUSDT,SELL,LIMIT,1702202267739,51.9,0.935
XTZUSDT,SELL,LIMIT,1702202269086,48133.6,0.927
XTZUSDT,SELL,LIMIT,1702202271067,110.4,0.934
XTZUSDT,SELL,LIMIT,1702202298159,368.3,0.933
XTZUSDT,SELL,LIMIT,1702202318310,184.9,0.933
XTZUSDT,SELL,LIMIT,1702202321775,462.3,0.933
XTZUSDT,SELL,LIMIT,1702202323300,277.3,0.932
XTZUSDT,SELL,LIMIT,1702202324363,924.6,0.932
XTZUSDT,SELL,LIMIT,1702202326293,5.1,0.932
XTZUSDT,SELL,LIMIT,1702202380131,184.9,0.930
XTZUSDT,SELL,LIMIT,1702202387136,184.9,0.930
XTZUSDT,SELL,LIMIT,1702202389092,184.1,0.929
XTZUSDT,BUY,LIMIT,1702207433538,2601.2,0.968
XTZUSDT,BUY,LIMIT,1702210265162,6.2,0.973
XTZUSDT,BUY,LIMIT,1702213127520,6.2,0.975
XTZUSDT,BUY,LIMIT,1702221454019,225.5,0.975
XTZUSDT,SELL,LIMIT,1702225844293,246.7,0.944
XTZUSDT,SELL,LIMIT,1702230190516,5944.1,0.935
XTZUSDT,SELL,LIMIT,1702230206554,6.2,0.935
XTZUSDT,BUY,LIMIT,1702231412412,1588.8,0.965
XTZUSDT,BUY,LIMIT,1702232761128,6.2,0.973
XTZUSDT,BUY,LIMIT,1702239727226,7.9,0.977
XTZUSDT,SELL,LIMIT,1702243665486,1393.0,0.953
XTZUSDT,SELL,LIMIT,1702243739140,23.5,0.951
XTZUSDT,SELL,LIMIT,1702243750495,53.6,0.951
XTZUSDT,SELL,LIMIT,1702256548837,6.8,0.942
XTZUSDT,SELL,LIMIT,1702256607227,155.7,0.939
XTZUSDT,SELL,LIMIT,1702256620301,206.1,0.939
XTZUSDT,SELL,LIMIT,1702256908789,6.1,0.936
XTZUSDT,SELL,LIMIT,1702260426181,58.8,0.931
XTZUSDT,SELL,LIMIT,1702260430607,1011.0,0.929
XTZUSDT,SELL,LIMIT,1702260431848,1455.3,0.928
XTZUSDT,SELL,LIMIT,1702260439933,50.7,0.926
XTZUSDT,SELL,LIMIT,1702260444257,1037.9,0.926
XTZUSDT,SELL,LIMIT,1702260617511,616.5,0.924
XTZUSDT,SELL,LIMIT,1702260622440,413.2,0.922
XTZUSDT,SELL,LIMIT,1702260631412,268.8,0.919
XTZUSDT,SELL,LIMIT,1702260636266,6.2,0.917
XTZUSDT,SELL,LIMIT,1702260687316,2310.8,0.916
XTZUSDT,SELL,LIMIT,1702260688359,14419.1,0.913
XTZUSDT,SELL,LIMIT,1702260706758,60.2,0.914
XTZUSDT,SELL,LIMIT,1702260708162,2380.3,0.914
XTZUSDT,SELL,LIMIT,1702260710029,120.4,0.913
XTZUSDT,BUY,LIMIT,1702260711570,126.6,0.939
XTZUSDT,SELL,LIMIT,1702260713159,82.9,0.912
XTZUSDT,SELL,LIMIT,1702260714671,5070.9,0.911
XTZUSDT,SELL,LIMIT,1702260715739,342.4,0.911
XTZUSDT,SELL,LIMIT,1702260716805,7.3,0.911
XTZUSDT,SELL,LIMIT,1702260717819,377.8,0.910
XTZUSDT,SELL,LIMIT,1702260719583,244.2,0.908
XTZUSDT,SELL,LIMIT,1702260722628,110.9,0.908
XTZUSDT,SELL,LIMIT,1702260723741,15.4,0.908
XTZUSDT,SELL,LIMIT,1702260724768,38856.1,0.898
XTZUSDT,SELL,LIMIT,1702260726331,2366.8,0.904
XTZUSDT,SELL,LIMIT,1702260727514,168.9,0.903
XTZUSDT,SELL,LIMIT,1702260728614,2893.8,0.903
XTZUSDT,SELL,LIMIT,1702260730680,184.9,0.901
XTZUSDT,SELL,LIMIT,1702260731865,351.1,0.902
XTZUSDT,SELL,LIMIT,1702260733844,70.0,0.899
XTZUSDT,SELL,LIMIT,1702260737308,4065.1,0.899
XTZUSDT,SELL,LIMIT,1702260738566,25.0,0.895
XTZUSDT,SELL,LIMIT,1702260740651,235.2,0.894
XTZUSDT,SELL,LIMIT,1702260742291,31043.2,0.888
XTZUSDT,SELL,LIMIT,1702260743656,400.0,0.893
XTZUSDT,SELL,LIMIT,1702260744726,159.9,0.893
XTZUSDT,SELL,LIMIT,1702260746087,105.0,0.893
XTZUSDT,SELL,LIMIT,1702260747298,1284.5,0.891
XTZUSDT,SELL,LIMIT,1702260748441,106.5,0.882
XTZUSDT,SELL,LIMIT,1702260749496,18.6,0.881
XTZUSDT,SELL,LIMIT,1702260750883,20.6,0.883
XTZUSDT,SELL,LIMIT,1702260752824,20.3,0.883
XTZUSDT,SELL,LIMIT,1702260754032,214.3,0.884
XTZUSDT,SELL,LIMIT,1702260755435,644.1,0.882
XTZUSDT,SELL,LIMIT,1702260757678,368.3,0.880
XTZUSDT,SELL,LIMIT,1702260758820,41.9,0.880
XTZUSDT,SELL,LIMIT,1702260760125,10.5,0.881
XTZUSDT,SELL,LIMIT,1702260761541,65.9,0.880
XTZUSDT,SELL,LIMIT,1702260762559,20.7,0.879
XTZUSDT,SELL,LIMIT,1702260763733,126.2,0.876
XTZUSDT,SELL,LIMIT,1702260764741,982.4,0.879
XTZUSDT,SELL,LIMIT,1702260766488,4357.2,0.873
XTZUSDT,SELL,LIMIT,1702260767590,57.4,0.873
XTZUSDT,SELL,LIMIT,1702260768637,6.3,0.872
XTZUSDT,SELL,LIMIT,1702260769741,1114.9,0.864
XTZUSDT,SELL,LIMIT,1702260770863,4391.9,0.871
XTZUSDT,SELL,LIMIT,1702260772074,500.0,0.864
XTZUSDT,SELL,LIMIT,1702260773079,400.0,0.864
XTZUSDT,SELL,LIMIT,1702260774088,32.2,0.862
XTZUSDT,SELL,LIMIT,1702260775212,507.6,0.875
XTZUSDT,SELL,LIMIT,1702260776502,140.0,0.860
XTZUSDT,SELL,LIMIT,1702260777515,2420.1,0.859
XTZUSDT,SELL,LIMIT,1702260778601,15795.1,0.856
XTZUSDT,SELL,LIMIT,1702260779602,7.1,0.852
XTZUSDT,SELL,LIMIT,1702260780795,36.4,0.850
XTZUSDT,SELL,LIMIT,1702260781828,521.6,0.850
XTZUSDT,SELL,LIMIT,1702260782832,53.3,0.848
XTZUSDT,SELL,LIMIT,1702260784091,7258.1,0.847
XTZUSDT,SELL,LIMIT,1702260786294,25.2,0.847
XTZUSDT,SELL,LIMIT,1702260787427,493.4,0.843
XTZUSDT,SELL,LIMIT,1702260788465,1078.4,0.843
XTZUSDT,SELL,LIMIT,1702260789720,12.4,0.843
XTZUSDT,SELL,LIMIT,1702260791125,15903.2,0.840
XTZUSDT,SELL,LIMIT,1702260792406,35.0,0.842
XTZUSDT,SELL,LIMIT,1702260793435,239.3,0.839
XTZUSDT,SELL,LIMIT,1702260794491,24.2,0.839
XTZUSDT,SELL,LIMIT,1702260795595,599.5,0.839
XTZUSDT,SELL,LIMIT,1702260797312,1008.0,0.837
XTZUSDT,SELL,LIMIT,1702260798349,8064.6,0.839
XTZUSDT,SELL,LIMIT,1702260799786,20.5,0.835
XTZUSDT,SELL,LIMIT,1702260800815,15.0,0.833
XTZUSDT,SELL,LIMIT,1702260801826,487.1,0.826
XTZUSDT,SELL,LIMIT,1702260802847,914.1,0.831
XTZUSDT,SELL,LIMIT,1702260805545,34.1,0.825
XTZUSDT,SELL,LIMIT,1702260806776,2217.3,0.824
XTZUSDT,SELL,LIMIT,1702260807905,6.0,0.817
XTZUSDT,SELL,LIMIT,1702260809145,33.0,0.817
XTZUSDT,SELL,LIMIT,1702260811319,289.3,0.817
XTZUSDT,SELL,LIMIT,1702260812551,816.3,0.816
XTZUSDT,SELL,LIMIT,1702260813813,8941.5,0.812
XTZUSDT,SELL,LIMIT,1702260815161,44.7,0.820
XTZUSDT,SELL,LIMIT,1702260818449,54.4,0.820
XTZUSDT,SELL,LIMIT,1702260820575,2267.1,0.825
XTZUSDT,BUY,LIMIT,1702260874336,60.0,0.880
XTZUSDT,SELL,LIMIT,1702262615562,132.4,0.867
XTZUSDT,SELL,LIMIT,1702262873709,60.1,0.864
XTZUSDT,BUY,LIMIT,1702266000872,1486.6,0.917
