Symbol,Side,Order Type,Time,Quantity,Price
XTZUSDT,BUY,LIMIT,1701924067963,1758.7,0.920
XTZUSDT,BUY,LIMIT,1701925205084,3037.6,0.932
XTZUSDT,BUY,LIMIT,1701928728985,7.5,0.937
XTZUSDT,SELL,LIMIT,1701930796103,52.7,0.903
XTZUSDT,BUY,LIMIT,1701934897726,43.9,0.932
XTZUSDT,SELL,LIMIT,1701940424268,545.8,0.884
XTZUSDT,SELL,LIMIT,1701940556772,99.7,0.881
XTZUSDT,SELL,LIMIT,1701940559226,0.1,1.778
XTZUSDT,SELL,LIMIT,1701940561380,57.6,0.880
XTZUSDT,SELL,LIMIT,1701941050084,5.5,0.875
XTZUSDT,SELL,LIMIT,1701941187825,1126.1,0.871
XTZUSDT,SELL,LIMIT,1701941218066,818.9,0.870
XTZUSDT,SELL,LIMIT,1701941239904,794.0,0.870
XTZUSDT,SELL,LIMIT,1701941243515,500.0,0.870
XTZUSDT,BUY,LIMIT,1701953976590,0.1,0.927
XTZUSDT,BUY,LIMIT,1701964373666,14.7,0.924
XTZUSDT,BUY,LIMIT,1701965058187,73.6,0.925
XTZUSDT,BUY,LIMIT,1701966104405,1372.3,0.931
XTZUSDT,SELL,LIMIT,1701966504952,330.0,0.904
XTZUSDT,SELL,LIMIT,1701971028287,340.6,0.901
XTZUSDT,SELL,LIMIT,1701974278389,339.3,0.898
XTZUSDT,SELL,LIMIT,1701974287575,10.0,0.898
XTZUSDT,SELL,LIMIT,1701976470432,356.5,0.894
XTZUSDT,SELL,LIMIT,1701991469298,279.5,0.893
XTZUSDT,SELL,LIMIT,1702017302728,41.7,0.900
XTZUSDT,SELL,LIMIT,1702020530518,17.1,0.894
XTZUSDT,SELL,LIMIT,1702020534459,2262.7,0.893
XTZUSDT,SELL,LIMIT,1702020598928,8965.0,0.891
XTZUSDT,SELL,LIMIT,1702020632729,2735.2,0.891
XTZUSDT,SELL,LIMIT,1702020634684,42.3,0.891
XTZUSDT,SELL,LIMIT,1702029250306,1194.0,0.895
XTZUSDT,BUY,LIMIT,1702035439938,1071.2,0.933
XTZUSDT,BUY,LIMIT,1702038021720,34.6,0.936
XTZUSDT,BUY,LIMIT,1702043343353,555.1,0.938
XTZUSDT,BUY,LIMIT,1702043716338,110.8,0.938
XTZUSDT,BUY,LIMIT,1702044979556,172.3,0.939
XTZUSDT,BUY,LIMIT,1702045907538,6.7,0.943
XTZUSDT,BUY,LIMIT,1702046650912,1997.7,0.945
XTZUSDT,SELL,LIMIT,1702049029536,59.0,0.914
XTZUSDT,SELL,LIMIT,1702051257588,9579.6,0.918
XTZUSDT,BUY,LIMIT,1702051501763,41.6,0.946
XTZUSDT,BUY,LIMIT,1702051617014,29.2,0.947
XTZUSDT,BUY,LIMIT,1702051773173,102.6,0.950
XTZUSDT,BUY,LIMIT,1702052025547,29.0,0.950
XTZUSDT,BUY,LIMIT,1702052161449,55.0,0.952
XTZUSDT,BUY,LIMIT,1702052521804,21.9,0.955
XTZUSDT,BUY,LIMIT,1702053445379,75.6,0.951
XTZUSDT,SELL,LIMIT,1702067636908,350.0,0.925
XTZUSDT,BUY,LIMIT,1702068614237,1245.1,0.952
XTZUSDT,BUY,LIMIT,1702079076389,2153.5,0.960
XTZUSDT,BUY,LIMIT,1702079161071,12.6,0.961
XTZUSDT,BUY,LIMIT,1702079197824,11.5,0.961
XTZUSDT,BUY,LIMIT,1702080100179,32.2,0.961
XTZUSDT,BUY,LIMIT,1702081149047,280.3,0.965
XTZUSDT,BUY,LIMIT,1702081413272,223.1,0.966
XTZUSDT,BUY,LIMIT,1702081558378,113.5,0.966
XTZUSDT,BUY,LIMIT,1702081755489,23.0,0.967
XTZUSDT,BUY,LIMIT,1702081925129,7.0,0.969
XTZUSDT,BUY,LIMIT,1702081954711,117.5,0.969
XTZUSDT,BUY,LIMIT,1702082665070,13.0,0.974
XTZUSDT,BUY,LIMIT,1702082931183,9.3,0.974
XTZUSDT,BUY,LIMIT,1702082974938,55.2,0.975
XTZUSDT,BUY,LIMIT,1702082980726,124.8,0.975
XTZUSDT,BUY,LIMIT,1702083126195,55.2,0.975
XTZUSDT,BUY,LIMIT,1702083491308,179.2,0.978
XTZUSDT,BUY,LIMIT,1702083493589,61.5,0.978
XTZUSDT,BUY,LIMIT,1702083816460,14394.5,0.982
XTZUSDT,BUY,LIMIT,1702083822038,12.2,0.979
XTZUSDT,BUY,LIMIT,1702083828327,379.3,0.979
XTZUSDT,BUY,LIMIT,1702083830174,80.3,0.979
XTZUSDT,SELL,LIMIT,1702084006122,211.2,0.945
XTZUSDT,BUY,LIMIT,1702085719849,55.5,0.977
XTZUSDT,BUY,LIMIT,1702086507645,44.8,0.976
XTZUSDT,BUY,LIMIT,1702088432270,76.2,0.980
XTZUSDT,BUY,LIMIT,1702091781755,45.2,0.981
XTZUSDT,BUY,LIMIT,1702092039229,181.5,0.982
XTZUSDT,BUY,LIMIT,1702092133427,2982.1,0.982
XTZUSDT,BUY,LIMIT,1702092346328,55.7,0.983
XTZUSDT,BUY,LIMIT,1702092936827,10033.8,0.986
XTZUSDT,BUY,LIMIT,1702093183255,55.5,0.986
XTZUSDT,BUY,LIMIT,1702093522139,60.8,0.987
XTZUSDT,BUY,LIMIT,1702093551789,9746.6,0.988
XTZUSDT,BUY,LIMIT,1702093564188,3642.2,0.989
XTZUSDT,BUY,LIMIT,1702093567991,5.2,0.989
XTZUSDT,BUY,LIMIT,1702094637343,11.7,0.993
XTZUSDT,BUY,LIMIT,1702095932743,343.1,0.994
XTZUSDT,BUY,LIMIT,1702096269409,1425.0,0.997
XTZUSDT,SELL,LIMIT,1702096521068,23.0,0.969
XTZUSDT,BUY,LIMIT,1702096641652,831.7,0.998
XTZUSDT,BUY,LIMIT,1702097212156,54.7,0.996
XTZUSDT,BUY,LIMIT,1702097487841,12.1,0.996
XTZUSDT,BUY,LIMIT,1702097847451,37.7,0.998
XTZUSDT,BUY,LIMIT,1702102361560,55.5,0.992
XTZUSDT,BUY,LIMIT,1702102929864,55.2,0.993
XTZUSDT,BUY,LIMIT,1702103376622,105.4,0.996
XTZUSDT,BUY,LIMIT,1702106163839,100.0,0.999
XTZUSDT,BUY,LIMIT,1702106825704,170.9,0.998
XTZUSDT,BUY,LIMIT,1702106897665,5.2,1.001
XTZUSDT,BUY,LIMIT,1702107009264,2190.6,1.002
XTZUSDT,BUY,LIMIT,1702107022380,25.3,1.002
XTZUSDT,BUY,LIMIT,1702107332311,40.7,1.004
XTZUSDT,BUY,LIMIT,1702108383655,65.5,1.005
XTZUSDT,BUY,LIMIT,1702109107754,2000.0,1.006
XTZUSDT,BUY,LIMIT,1702109250655,148.5,1.007
XTZUSDT,BUY,LIMIT,1702109331820,25.5,1.008
XTZUSDT,BUY,LIMIT,1702109481808,127.1,1.006
XTZUSDT,BUY,LIMIT,1702109883274,10.6,1.006
XTZUSDT,BUY,LIMIT,1702110013229,56.6,1.009
XTZUSDT,BUY,LIMIT,1702110016575,17.9,1.009
XTZUSDT,BUY,LIMIT,1702110022045,217.8,1.010
XTZUSDT,BUY,LIMIT,1702110023131,51.9,1.011
XTZUSDT,BUY,LIMIT,1702110597385,5.2,1.012
XTZUSDT,SELL,LIMIT,1702110967394,408.3,0.972
XTZUSDT,BUY,LIMIT,1702111031400,89.2,0.993
XTZUSDT,SELL,LIMIT,1702111040450,1016.2,0.964
XTZUSDT,SELL,LIMIT,1702111041633,209.0,0.968
XTZUSDT,SELL,LIMIT,1702111044469,492.9,0.962
XTZUSDT,SELL,LIMIT,1702111045597,449.7,0.959
XTZUSDT,SELL,LIMIT,1702111202581,306.0,0.957
XTZUSDT,SELL,LIMIT,1702111375425,504.5,0.956
XTZUSDT,SELL,LIMIT,1702111385199,21704.4,0.948
XTZUSDT,SELL,LIMIT,1702111386281,344.7,0.953
XTZUSDT,SELL,LIMIT,1702111389414,1068.8,0.951
XTZUSDT,SELL,LIMIT,1702112097373,41.5,0.962
XTZUSDT,BUY,LIMIT,1702113787407,46.1,1.000
XTZUSDT,SELL,LIMIT,1702115629486,708.3,0.958
XTZUSDT,SELL,LIMIT,1702132979661,2021.2,0.969
XTZUSDT,SELL,LIMIT,1702132998483,50.8,0.987
XTZUSDT,SELL,LIMIT,1702133000892,5.1,0.967
XTZUSDT,BUY,LIMIT,1702133043804,1551.6,0.994
XTZUSDT,SELL,LIMIT,1702133340068,18.8,0.967
