Symbol,Side,Order Type,Time,Quantity,Price
XVGUSDT,SELL,LIMIT,1701918511188,11344,0.0036650
XVGUSDT,SELL,LIMIT,1701937352837,8080,0.0036904
XVGUSDT,SELL,LIMIT,1701939550536,822221,0.0036730
XVGUSDT,SELL,LIMIT,1701940026408,93336,0.0036514
XVGUSDT,SELL,LIMIT,1701940046345,6804,0.0036477
XVGUSDT,SELL,LIMIT,1701940524092,29225,0.0036334
XVGUSDT,SELL,LIMIT,1701940557395,50557,0.0036291
XVGUSDT,SELL,LIMIT,1701940564985,53060,0.0036233
XVGUSDT,SELL,LIMIT,1701940715285,30923,0.0036287
XVGUSDT,SELL,LIMIT,1701941039594,359781,0.0036117
XVGUSDT,SELL,LIMIT,1701941108151,5642,0.0036043
XVGUSDT,SELL,LIMIT,1701941109944,19491,0.0036024
XVGUSDT,SELL,LIMIT,1701941111557,51606,0.0036004
XVGUSDT,SELL,LIMIT,1701941170599,107385,0.0035989
XVGUSDT,SELL,LIMIT,1701941175414,322338,0.0035978
XVGUSDT,SELL,LIMIT,1701941181747,357706,0.0035946
XVGUSDT,SELL,LIMIT,1701941182882,40000,0.0035944
XVGUSDT,SELL,LIMIT,1701941191443,148931,0.0035868
XVGUSDT,SELL,LIMIT,1701941247331,266238,0.0035813
XVGUSDT,SELL,LIMIT,1701941325915,423553,0.0035796
XVGUSDT,SELL,LIMIT,1701958869980,45759,0.0036622
XVGUSDT,BUY,LIMIT,1701965515842,2343,0.0039139
XVGUSDT,BUY,LIMIT,1701966976646,2791,0.0039674
XVGUSDT,BUY,LIMIT,1701985594849,579722,0.0039618
XVGUSDT,SELL,LIMIT,1701986952388,752,0.0037528
XVGUSDT,BUY,LIMIT,1702001004124,20525,0.0040052
XVGUSDT,BUY,LIMIT,1702007154541,7130,0.0040272
XVGUSDT,BUY,LIMIT,1702027531213,8374,0.0040477
XVGUSDT,BUY,LIMIT,1702053206232,89920,0.0040217
XVGUSDT,BUY,LIMIT,1702053526786,17432,0.0040365
XVGUSDT,BUY,LIMIT,1702066001642,35470,0.0040720
XVGUSDT,BUY,LIMIT,1702068197599,3538,0.0040705
XVGUSDT,BUY,LIMIT,1702080952221,8643,0.0040969
XVGUSDT,BUY,LIMIT,1702082952365,8846,0.0041264
XVGUSDT,BUY,LIMIT,1702107763126,3536,0.0041162
XVGUSDT,BUY,LIMIT,1702109565954,11080,0.0041637
XVGUSDT,BUY,LIMIT,1702110086004,3402,0.0041932
XVGUSDT,SELL,LIMIT,1702111390242,855318,0.0038531
XVGUSDT,SELL,LIMIT,1702141203303,41318,0.0039043
XVGUSDT,SELL,LIMIT,1702164684317,62611,0.0038115
XVGUSDT,SELL,LIMIT,1702164686696,65527,0.0038084
XVGUSDT,SELL,LIMIT,1702164748094,24857,0.0038060
XVGUSDT,SELL,LIMIT,1702164775170,14023,0.0038021
XVGUSDT,SELL,LIMIT,1702164776224,8952,0.0038019
XVGUSDT,SELL,LIMIT,1702164807365,250878,0.0037888
XVGUSDT,SELL,LIMIT,1702164868440,377344,0.0037788
XVGUSDT,SELL,LIMIT,1702164913014,149793,0.0037750
XVGUSDT,SELL,LIMIT,1702186211938,174,0.0038798
XVGUSDT,BUY,LIMIT,1702188651558,20544,0.0040873
XVGUSDT,SELL,LIMIT,1702200336437,71632,0.0037815
XVGUSDT,SELL,LIMIT,1702200756359,2403,0.0037750
XVGUSDT,SELL,LIMIT,1702200769498,21719,0.0037713
XVGUSDT,SELL,LIMIT,1702200794179,12631,0.0037689
XVGUSDT,SELL,LIMIT,1702200926139,101198,0.0037637
XVGUSDT,SELL,LIMIT,1702201392317,13401,0.0037547
XVGUSDT,SELL,LIMIT,1702201421240,7962,0.0037498
XVGUSDT,SELL,LIMIT,1702201434766,3699,0.0037481
XVGUSDT,SELL,LIMIT,1702201473218,11216,0.0037470
XVGUSDT,SELL,LIMIT,1702202066302,4460,0.0037399
XVGUSDT,SELL,LIMIT,1702202157134,12431,0.0037411
XVGUSDT,SELL,LIMIT,1702202262251,52557,0.0037353
XVGUSDT,SELL,LIMIT,1702202275870,3500,0.0037344
XVGUSDT,SELL,LIMIT,1702202300117,689681,0.0037280
XVGUSDT,SELL,LIMIT,1702202369339,41457,0.0037208
XVGUSDT,SELL,LIMIT,1702202381188,205604,0.0037164
XVGUSDT,BUY,LIMIT,1702242468571,98533,0.0040600
XVGUSDT,BUY,LIMIT,1702243245358,10268,0.0040818
XVGUSDT,SELL,LIMIT,1702256917843,33765,0.0037889
XVGUSDT,SELL,LIMIT,1702260432470,12603,0.0037721
XVGUSDT,SELL,LIMIT,1702260623488,10405,0.0037489
XVGUSDT,SELL,LIMIT,1702260628487,15450,0.0037497
XVGUSDT,SELL,LIMIT,1702260631584,90802,0.0037473
XVGUSDT,SELL,LIMIT,1702260634344,39128,0.0037406
XVGUSDT,SELL,LIMIT,1702260695651,227962,0.0037241
XVGUSDT,SELL,LIMIT,1702260698658,14921,0.0037188
XVGUSDT,SELL,LIMIT,1702260701304,52784,0.0037158
XVGUSDT,SELL,LIMIT,1702260702602,25366,0.0037187
XVGUSDT,SELL,LIMIT,1702260709549,10264,0.0037126
XVGUSDT,SELL,LIMIT,1702260711572,10055,0.0037111
XVGUSDT,SELL,LIMIT,1702260714191,10000,0.0036978
XVGUSDT,SELL,LIMIT,1702260719886,10000,0.0036917
XVGUSDT,SELL,LIMIT,1702260721783,46006,0.0036907
XVGUSDT,SELL,LIMIT,1702260727488,21667,0.0037405
XVGUSDT,SELL,LIMIT,1702260730225,373354,0.0036750
XVGUSDT,SELL,LIMIT,1702260734812,656268,0.0036769
XVGUSDT,SELL,LIMIT,1702260736334,472465,0.0036719
XVGUSDT,SELL,LIMIT,1702260738209,310880,0.0036712
XVGUSDT,SELL,LIMIT,1702260739397,542446,0.0036708
XVGUSDT,SELL,LIMIT,1702260741188,2960,0.0036679
XVGUSDT,SELL,LIMIT,1702260743035,220867,0.0036634
XVGUSDT,SELL,LIMIT,1702260744645,4000000,0.0036641
XVGUSDT,SELL,LIMIT,1702260745795,176657,0.0036562
XVGUSDT,SELL,LIMIT,1702260746877,179081,0.0036562
XVGUSDT,SELL,LIMIT,1702260749792,2558,0.0036489
XVGUSDT,SELL,LIMIT,1702260751646,124366,0.0036466
XVGUSDT,SELL,LIMIT,1702260752825,5003,0.0036390
XVGUSDT,SELL,LIMIT,1702260754269,2000,0.0036256
XVGUSDT,SELL,LIMIT,1702260756875,60000,0.0036229
XVGUSDT,SELL,LIMIT,1702260758020,2133,0.0036323
XVGUSDT,SELL,LIMIT,1702260759190,170000,0.0036188
XVGUSDT,SELL,LIMIT,1702260760489,15052,0.0036121
XVGUSDT,SELL,LIMIT,1702260761556,187992,0.0036274
XVGUSDT,SELL,LIMIT,1702260762687,11832,0.0036146
XVGUSDT,SELL,LIMIT,1702260763844,250000,0.0036074
XVGUSDT,SELL,LIMIT,1702260765058,257267,0.0035999
XVGUSDT,BUY,LIMIT,1702260767453,84865,0.0037834
XVGUSDT,SELL,LIMIT,1702260768494,1564,0.0035959
XVGUSDT,SELL,LIMIT,1702260769930,806430,0.0035968
XVGUSDT,SELL,LIMIT,1702260771152,7125,0.0035818
XVGUSDT,SELL,LIMIT,1702260772163,1911567,0.0035521
XVGUSDT,SELL,LIMIT,1702260774099,1443,0.0035454
XVGUSDT,SELL,LIMIT,1702260775178,480897,0.0035276
XVGUSDT,SELL,LIMIT,1702260776347,26223,0.0035298
XVGUSDT,SELL,LIMIT,1702260778173,15312,0.0035473
XVGUSDT,SELL,LIMIT,1702260779223,808731,0.0035249
XVGUSDT,SELL,LIMIT,1702260780260,497281,0.0035241
XVGUSDT,SELL,LIMIT,1702260781799,113753,0.0035339
XVGUSDT,SELL,LIMIT,1702260783659,30853,0.0035265
XVGUSDT,SELL,LIMIT,1702260785114,12431,0.0035255
XVGUSDT,SELL,LIMIT,1702260786229,34097,0.0035132
XVGUSDT,SELL,LIMIT,1702260787459,88888,0.0034956
XVGUSDT,SELL,LIMIT,1702260788625,25380,0.0035029
XVGUSDT,SELL,LIMIT,1702260789825,25980,0.0034728
XVGUSDT,SELL,LIMIT,1702260791952,5452,0.0034633
XVGUSDT,SELL,LIMIT,1702260793658,530452,0.0034339
XVGUSDT,SELL,LIMIT,1702260795691,3939,0.0034250
XVGUSDT,SELL,LIMIT,1702260796883,214904,0.0034227
XVGUSDT,SELL,LIMIT,1702260798216,61199,0.0034353
XVGUSDT,SELL,LIMIT,1702260800042,42084,0.0034353
XVGUSDT,SELL,LIMIT,1702260801190,132184,0.0034202
XVGUSDT,SELL,LIMIT,1702260802214,159297,0.0034150
XVGUSDT,SELL,LIMIT,1702260803538,1476232,0.0034165
XVGUSDT,SELL,LIMIT,1702260804591,10232,0.0035097
XVGUSDT,SELL,LIMIT,1702260807280,250000,0.0034127
XVGUSDT,SELL,LIMIT,1702260808958,83419,0.0034127
XVGUSDT,SELL,LIMIT,1702260810236,780389,0.0034177
XVGUSDT,SELL,LIMIT,1702260812202,99350,0.0034118
XVGUSDT,SELL,LIMIT,1702260813681,50276,0.0034113
XVGUSDT,SELL,LIMIT,1702260814860,38091,0.0034125
XVGUSDT,SELL,LIMIT,1702260816179,5096,0.0034104
XVGUSDT,SELL,LIMIT,1702260817195,33847,0.0033924
XVGUSDT,SELL,LIMIT,1702260818208,2642,0.0034086
XVGUSDT,SELL,LIMIT,1702260824540,122587,0.0034015
