Symbol,Side,Order Type,Time,Quantity,Price
XVGUSDT,SELL,LIMIT,1701068054068,6120,0.0033806
XVGUSDT,SELL,LIMIT,1701069668330,5362,0.0033558
XVGUSDT,SELL,LIMIT,1701069810383,575367,0.0033498
XVGUSDT,SELL,LIMIT,1701069821000,521202,0.0033492
XVGUSDT,SELL,LIMIT,1701070171862,63786,0.0033336
XVGUSDT,BUY,LIMIT,1701074356107,4345,0.0024683
XVGUSDT,BUY,LIMIT,1701078535603,29086,0.0035959
XVGUSDT,SELL,LIMIT,1701082022046,9309,0.0033958
XVGUSDT,SELL,LIMIT,1701096728714,12397,0.0033765
XVGUSDT,SELL,LIMIT,1701097102246,58692,0.0033611
XVGUSDT,BUY,LIMIT,1701099601970,11683,0.0036405
XVGUSDT,SELL,LIMIT,1701100336079,20,0.0034652
XVGUSDT,SELL,LIMIT,1701100529876,33723,0.0034622
XVGUSDT,BUY,LIMIT,1701101573368,2922,0.0037180
XVGUSDT,BUY,LIMIT,1701101575346,2361,0.0037212
XVGUSDT,BUY,LIMIT,1701101616679,9170,0.0037344
XVGUSDT,BUY,LIMIT,1701101630947,131168,0.0037410
XVGUSDT,BUY,LIMIT,1701101632450,34883,0.0037456
XVGUSDT,SELL,LIMIT,1701102107263,10809,0.0034655
XVGUSDT,BUY,LIMIT,1701106445953,30666,0.0037273
XVGUSDT,BUY,LIMIT,1701107030417,110733,0.0037476
XVGUSDT,BUY,LIMIT,1701107031799,1942,0.0037534
XVGUSDT,BUY,LIMIT,1701107101035,1529,0.0037566
XVGUSDT,BUY,LIMIT,1701107845361,1664,0.0038206
XVGUSDT,BUY,LIMIT,1701107927877,41970,0.0038461
XVGUSDT,SELL,LIMIT,1701108961233,64019,0.0035677
XVGUSDT,SELL,LIMIT,1701108966670,6926,0.0035626
XVGUSDT,SELL,LIMIT,1701108969722,63158,0.0035598
XVGUSDT,SELL,LIMIT,1701108974060,111147,0.0035582
XVGUSDT,SELL,LIMIT,1701108980853,30575,0.0035548
XVGUSDT,SELL,LIMIT,1701109084721,9782,0.0035356
XVGUSDT,SELL,LIMIT,1701109251172,308420,0.0035193
XVGUSDT,SELL,LIMIT,1701109281177,10000,0.0035088
XVGUSDT,SELL,LIMIT,1701109289488,166520,0.0035015
XVGUSDT,SELL,LIMIT,1701109290607,68351,0.0035007
XVGUSDT,SELL,LIMIT,1701109294185,2719,0.0035003
XVGUSDT,SELL,LIMIT,1701109460514,42156,0.0034869
XVGUSDT,SELL,LIMIT,1701109461789,28846,0.0034858
XVGUSDT,SELL,LIMIT,1701111874050,42237,0.0034814
XVGUSDT,SELL,LIMIT,1701114006240,274951,0.0034599
XVGUSDT,SELL,LIMIT,1701114008153,489451,0.0034444
XVGUSDT,SELL,LIMIT,1701114046269,486246,0.0034308
XVGUSDT,SELL,LIMIT,1701114164052,21066,0.0034283
XVGUSDT,SELL,LIMIT,1701114166654,35802,0.0034249
XVGUSDT,SELL,LIMIT,1701114202395,14890,0.0034208
XVGUSDT,SELL,LIMIT,1701114205637,7564,0.0034045
XVGUSDT,SELL,LIMIT,1701114224205,236994,0.0034009
XVGUSDT,SELL,LIMIT,1701114227168,11121,0.0033946
XVGUSDT,SELL,LIMIT,1701114228404,87385,0.0033934
XVGUSDT,SELL,LIMIT,1701114236748,18315,0.0033915
XVGUSDT,SELL,LIMIT,1701114238537,518718,0.0033912
XVGUSDT,SELL,LIMIT,1701114352850,2293,0.0034014
XVGUSDT,SELL,LIMIT,1701114468337,989591,0.0033963
XVGUSDT,SELL,LIMIT,1701114478051,1177777,0.0033889
XVGUSDT,SELL,LIMIT,1701114483314,345378,0.0033845
XVGUSDT,SELL,LIMIT,1701114494600,9325,0.0033801
XVGUSDT,SELL,LIMIT,1701114514471,32244,0.0033845
XVGUSDT,SELL,LIMIT,1701116925080,10355,0.0033764
XVGUSDT,SELL,LIMIT,1701116928673,49166,0.0033753
XVGUSDT,SELL,LIMIT,1701116989544,36332,0.0033722
XVGUSDT,SELL,LIMIT,1701117095633,25522,0.0033676
XVGUSDT,SELL,LIMIT,1701117115074,2410479,0.0033608
XVGUSDT,SELL,LIMIT,1701117275240,3122,0.0033508
XVGUSDT,SELL,LIMIT,1701118072071,1431637,0.0033468
XVGUSDT,SELL,LIMIT,1701121766501,53518,0.0034200
XVGUSDT,SELL,LIMIT,1701121840892,127482,0.0034810
XVGUSDT,BUY,LIMIT,1701126996177,15837,0.0036554
XVGUSDT,SELL,LIMIT,1701127945465,10000,0.0034706
XVGUSDT,SELL,LIMIT,1701145919215,25519,0.0033539
XVGUSDT,SELL,LIMIT,1701145974956,43221,0.0033457
XVGUSDT,SELL,LIMIT,1701145994583,20862,0.0033429
XVGUSDT,SELL,LIMIT,1701146022418,56895,0.0033388
XVGUSDT,SELL,LIMIT,1701146037118,862069,0.0033369
XVGUSDT,SELL,LIMIT,1701146044897,86661,0.0033352
XVGUSDT,SELL,LIMIT,1701146050755,92651,0.0033313
XVGUSDT,SELL,LIMIT,1701146066342,93415,0.0033288
XVGUSDT,SELL,LIMIT,1701146067459,115662,0.0033270
XVGUSDT,SELL,LIMIT,1701146668117,3915,0.0033204
XVGUSDT,SELL,LIMIT,1701147060134,8732,0.0033018
XVGUSDT,SELL,LIMIT,1701147201492,287686,0.0032978
XVGUSDT,SELL,LIMIT,1701147876580,54532,0.0032968
XVGUSDT,SELL,LIMIT,1701147879185,85299,0.0032960
XVGUSDT,SELL,LIMIT,1701147882023,892,0.0032920
XVGUSDT,SELL,LIMIT,1701147934609,126000,0.0032894
XVGUSDT,SELL,LIMIT,1701147950593,27846,0.0032874
XVGUSDT,SELL,LIMIT,1701149047336,3654,0.0032785
XVGUSDT,SELL,LIMIT,1701149838896,25000,0.0032717
XVGUSDT,SELL,LIMIT,1701149851134,2746,0.0032667
XVGUSDT,SELL,LIMIT,1701149853567,77142,0.0032600
XVGUSDT,SELL,LIMIT,1701149884621,1335189,0.0032594
XVGUSDT,SELL,LIMIT,1701149889054,5168,0.0032566
XVGUSDT,SELL,LIMIT,1701151266257,309217,0.0032548
XVGUSDT,SELL,LIMIT,1701162081858,22076,0.0032453
XVGUSDT,BUY,LIMIT,1701189364353,1000000,0.0035392
XVGUSDT,BUY,LIMIT,1701189804437,20716,0.0035593
XVGUSDT,BUY,LIMIT,1701191370860,79325,0.0035885
XVGUSDT,SELL,LIMIT,1701194525539,50000,0.0034868
XVGUSDT,BUY,LIMIT,1701197853681,28653,0.0035992
XVGUSDT,SELL,LIMIT,1701254360760,37494,0.0034049
XVGUSDT,SELL,LIMIT,1701254413406,1495304,0.0034151
