Symbol,Side,Order Type,Time,Quantity,Price
XVSUSDT,SELL,LIMIT,1701917152441,11.7,10.747728
XVSUSDT,SELL,LIMIT,1701917155551,19.1,10.747713
XVSUSDT,SELL,LIMIT,1701917436671,32.4,10.722057
XVSUSDT,SELL,LIMIT,1701917480225,10.0,10.712459
XVSUSDT,SELL,LIMIT,1701917493308,21.7,10.699812
XVSUSDT,SELL,LIMIT,1701917573168,44.7,10.710631
XVSUSDT,SELL,LIMIT,1701917660610,94.0,10.679101
XVSUSDT,SELL,LIMIT,1701917909177,191.8,10.638496
XVSUSDT,SELL,LIMIT,1701917935396,27.4,10.607405
XVSUSDT,SELL,LIMIT,1701918155453,24.4,10.595686
XVSUSDT,SELL,LIMIT,1701918161768,28.2,10.593712
XVSUSDT,SELL,LIMIT,1701918283206,21.1,10.592370
XVSUSDT,SELL,LIMIT,1701918289439,62.1,10.585334
XVSUSDT,SELL,LIMIT,1701918292781,65.1,10.570750
XVSUSDT,SELL,LIMIT,1701918315086,0.5,10.559740
XVSUSDT,SELL,LIMIT,1701918316185,61.2,10.552177
XVSUSDT,SELL,LIMIT,1701918332735,7.7,10.545101
XVSUSDT,SELL,LIMIT,1701918336132,18.6,10.533214
XVSUSDT,SELL,LIMIT,1701918337172,11.6,10.525157
XVSUSDT,SELL,LIMIT,1701918339945,0.5,10.516333
XVSUSDT,SELL,LIMIT,1701918342786,64.2,10.514136
XVSUSDT,SELL,LIMIT,1701918350702,7.3,10.499873
XVSUSDT,SELL,LIMIT,1701918357895,5.1,10.491774
XVSUSDT,SELL,LIMIT,1701918362371,0.5,10.487818
XVSUSDT,SELL,LIMIT,1701918371893,11.1,10.476906
XVSUSDT,SELL,LIMIT,1701918454521,7.7,10.470776
XVSUSDT,SELL,LIMIT,1701918455845,26.7,10.468022
XVSUSDT,SELL,LIMIT,1701918880558,1.3,10.443616
XVSUSDT,SELL,LIMIT,1701918921356,5.5,10.427707
XVSUSDT,SELL,LIMIT,1701919098069,6.7,10.407880
XVSUSDT,SELL,LIMIT,1701919099368,5.0,10.411528
XVSUSDT,SELL,LIMIT,1701919100395,45.1,10.390107
XVSUSDT,SELL,LIMIT,1701919111536,403.0,10.382251
XVSUSDT,SELL,LIMIT,1701919123384,3.8,10.360315
XVSUSDT,SELL,LIMIT,1701920732562,34.0,10.340173
XVSUSDT,SELL,LIMIT,1701920797140,23.0,10.361973
XVSUSDT,SELL,LIMIT,1701921111763,121.5,10.333015
XVSUSDT,SELL,LIMIT,1701921840170,2.1,10.324673
XVSUSDT,SELL,LIMIT,1701921843375,4.4,10.324030
XVSUSDT,SELL,LIMIT,1701921882577,30.0,10.320407
XVSUSDT,SELL,LIMIT,1701921892224,23.1,10.313526
XVSUSDT,SELL,LIMIT,1701921924398,130.1,10.302680
XVSUSDT,SELL,LIMIT,1701921932386,20.5,10.292394
XVSUSDT,SELL,LIMIT,1701921993758,27.9,10.280202
XVSUSDT,SELL,LIMIT,1701921996334,32.0,10.261944
XVSUSDT,SELL,LIMIT,1701922005310,137.4,10.254554
XVSUSDT,SELL,LIMIT,1701922146524,265.6,10.264153
XVSUSDT,SELL,LIMIT,1701922159817,13.4,10.235900
XVSUSDT,SELL,LIMIT,1701922173401,3.2,10.213651
XVSUSDT,SELL,LIMIT,1701928115316,47.0,10.206962
XVSUSDT,SELL,LIMIT,1701928551198,28.0,10.188920
XVSUSDT,SELL,LIMIT,1701928552219,4.0,10.162143
XVSUSDT,SELL,LIMIT,1701928553695,6.2,10.143530
XVSUSDT,BUY,LIMIT,1701929864204,118.8,10.624957
XVSUSDT,SELL,LIMIT,1701930206536,9.4,10.254924
XVSUSDT,SELL,LIMIT,1701930681252,4.7,10.134611
XVSUSDT,SELL,LIMIT,1701930689710,41.9,10.133825
XVSUSDT,SELL,LIMIT,1701930695251,49.5,10.121199
XVSUSDT,SELL,LIMIT,1701930702292,1.6,10.109518
XVSUSDT,SELL,LIMIT,1701930703890,4.7,10.103310
XVSUSDT,SELL,LIMIT,1701930760306,148.5,10.092349
XVSUSDT,SELL,LIMIT,1701930764007,5.7,10.088282
XVSUSDT,SELL,LIMIT,1701930778216,141.4,10.083669
XVSUSDT,SELL,LIMIT,1701930934268,0.2,10.111900
XVSUSDT,SELL,LIMIT,1701931041057,174.3,10.076201
XVSUSDT,SELL,LIMIT,1701931043171,0.5,10.072121
XVSUSDT,SELL,LIMIT,1701931225364,12.1,10.068661
XVSUSDT,SELL,LIMIT,1701931226368,353.4,10.054394
XVSUSDT,SELL,LIMIT,1701931228364,3.3,10.041685
XVSUSDT,SELL,LIMIT,1701931322240,3.9,10.031998
XVSUSDT,SELL,LIMIT,1701931324038,468.9,10.030687
XVSUSDT,SELL,LIMIT,1701931325679,1.8,10.028840
XVSUSDT,SELL,LIMIT,1701931328578,9.3,10.026222
XVSUSDT,SELL,LIMIT,1701931433178,97.4,10.026533
XVSUSDT,SELL,LIMIT,1701931459519,0.8,10.037269
XVSUSDT,SELL,LIMIT,1701931655179,4.8,10.023924
XVSUSDT,SELL,LIMIT,1701931656270,30.7,10.019029
XVSUSDT,SELL,LIMIT,1701931664085,5.8,10.013946
XVSUSDT,SELL,LIMIT,1701931665260,1.8,10.015691
XVSUSDT,SELL,LIMIT,1701931690536,0.8,10.012201
XVSUSDT,SELL,LIMIT,1701934230705,0.2,10.232471
XVSUSDT,BUY,LIMIT,1701935487294,2.3,10.756325
XVSUSDT,BUY,LIMIT,1701936082543,1.0,10.781704
XVSUSDT,BUY,LIMIT,1701936098697,25.4,10.787927
XVSUSDT,BUY,LIMIT,1701936100466,0.9,10.789660
XVSUSDT,BUY,LIMIT,1701937056523,1.4,10.919595
XVSUSDT,BUY,LIMIT,1701937066595,18.8,10.923963
XVSUSDT,BUY,LIMIT,1701937823322,140.4,10.878715
XVSUSDT,BUY,LIMIT,1701937847916,0.5,10.931593
XVSUSDT,BUY,LIMIT,1701937849868,1.6,10.971380
XVSUSDT,BUY,LIMIT,1701937854856,13.8,10.983731
XVSUSDT,BUY,LIMIT,1701939141625,64.7,11.010347
XVSUSDT,BUY,LIMIT,1701939295172,27.8,11.057155
XVSUSDT,BUY,LIMIT,1701939767323,0.9,11.119619
XVSUSDT,BUY,LIMIT,1701939780102,178.5,11.122783
XVSUSDT,BUY,LIMIT,1701939815620,10.9,11.136712
XVSUSDT,BUY,LIMIT,1701939845762,8.8,11.173644
XVSUSDT,BUY,LIMIT,1701939846941,3.7,11.183127
XVSUSDT,BUY,LIMIT,1701939849075,3.1,11.188295
XVSUSDT,SELL,LIMIT,1701939999543,2.3,11.787166
XVSUSDT,BUY,LIMIT,1701940155109,4.9,11.198016
XVSUSDT,BUY,LIMIT,1701940163913,1.8,11.217332
XVSUSDT,BUY,LIMIT,1701940183742,5.7,11.250949
XVSUSDT,BUY,LIMIT,1701940189023,35.4,11.267377
XVSUSDT,BUY,LIMIT,1701940193384,29.8,11.273464
XVSUSDT,BUY,LIMIT,1701940325485,38.2,11.284352
XVSUSDT,BUY,LIMIT,1701940336299,14.3,11.298128
XVSUSDT,BUY,LIMIT,1701940337355,206.1,11.304767
XVSUSDT,BUY,LIMIT,1701940340180,25.5,11.327687
XVSUSDT,SELL,LIMIT,1701940555227,1.7,10.964803
XVSUSDT,SELL,LIMIT,1701940565153,462.9,10.791772
XVSUSDT,SELL,LIMIT,1701941048275,61.3,10.505490
XVSUSDT,SELL,LIMIT,1701941049419,1.7,10.502014
XVSUSDT,SELL,LIMIT,1701941186550,20.0,10.539901
XVSUSDT,SELL,LIMIT,1701941214271,9.8,10.597929
XVSUSDT,SELL,LIMIT,1701941218239,250.0,10.589002
XVSUSDT,SELL,LIMIT,1701941236337,0.9,10.566710
XVSUSDT,SELL,LIMIT,1701941240209,31.3,10.635566
XVSUSDT,SELL,LIMIT,1701941245538,1.8,10.641743
XVSUSDT,SELL,LIMIT,1701941247114,49.0,10.546183
XVSUSDT,BUY,LIMIT,1701942079342,28.0,11.041500
XVSUSDT,BUY,LIMIT,1701942283341,23.0,11.145205
XVSUSDT,BUY,LIMIT,1701942376524,6.3,11.210820
XVSUSDT,BUY,LIMIT,1701942446522,28.1,11.193480
XVSUSDT,BUY,LIMIT,1701945090802,38.7,11.319302
XVSUSDT,BUY,LIMIT,1701945110758,101.4,11.344563
XVSUSDT,BUY,LIMIT,1701945119603,106.2,11.350051
XVSUSDT,BUY,LIMIT,1701945131262,11.9,11.364085
XVSUSDT,BUY,LIMIT,1701945161044,10.8,11.390223
XVSUSDT,BUY,LIMIT,1701945168436,48.9,11.393652
XVSUSDT,BUY,LIMIT,1701945170890,5.1,11.408554
XVSUSDT,BUY,LIMIT,1701945172076,49.5,11.416050
XVSUSDT,BUY,LIMIT,1701945173355,0.8,11.418005
XVSUSDT,BUY,LIMIT,1701949113355,95.8,11.438753
XVSUSDT,BUY,LIMIT,1701949116159,27.8,11.459124
XVSUSDT,BUY,LIMIT,1701949117412,76.5,11.443891
XVSUSDT,BUY,LIMIT,1701949119078,239.6,11.490752
XVSUSDT,BUY,LIMIT,1701949130086,1.2,11.512623
XVSUSDT,BUY,LIMIT,1701949141240,21.9,11.526378
XVSUSDT,BUY,LIMIT,1701949142848,12.3,11.536421
XVSUSDT,BUY,LIMIT,1701949146731,0.6,11.541351
XVSUSDT,BUY,LIMIT,1701949148926,194.6,11.541393
XVSUSDT,BUY,LIMIT,1701949152622,454.5,11.547800
XVSUSDT,BUY,LIMIT,1701949160095,0.6,11.571658
XVSUSDT,BUY,LIMIT,1701949161118,6.8,11.571945
XVSUSDT,BUY,LIMIT,1701949165089,8.3,11.600247
XVSUSDT,BUY,LIMIT,1701949166504,108.2,11.600643
XVSUSDT,BUY,LIMIT,1701949170445,39.7,11.610912
XVSUSDT,BUY,LIMIT,1701949180159,35.5,11.616019
XVSUSDT,BUY,LIMIT,1701950839313,45.6,11.631767
XVSUSDT,BUY,LIMIT,1701950840921,9.4,11.635764
XVSUSDT,BUY,LIMIT,1701950842544,17.2,11.654321
XVSUSDT,BUY,LIMIT,1701950844770,0.7,11.658897
XVSUSDT,BUY,LIMIT,1701950846643,4.2,11.662731
XVSUSDT,BUY,LIMIT,1701950849035,227.1,11.667112
XVSUSDT,BUY,LIMIT,1701951324769,19.5,11.459195
XVSUSDT,BUY,LIMIT,1701952113390,1.8,11.682950
XVSUSDT,BUY,LIMIT,1701952225482,18.1,11.676043
XVSUSDT,BUY,LIMIT,1701952230836,51.1,11.685207
XVSUSDT,BUY,LIMIT,1701952251178,65.0,11.708924
XVSUSDT,BUY,LIMIT,1701952254634,5.0,11.758903
XVSUSDT,BUY,LIMIT,1701952256056,78.7,11.767421
XVSUSDT,BUY,LIMIT,1701953171891,7.5,11.799834
XVSUSDT,BUY,LIMIT,1701953174430,1.6,11.807810
XVSUSDT,BUY,LIMIT,1701953182936,24.2,11.809992
XVSUSDT,BUY,LIMIT,1701953231674,53.6,11.820415
XVSUSDT,BUY,LIMIT,1701953358568,97.9,11.823135
XVSUSDT,BUY,LIMIT,1701953361081,7.1,11.828610
XVSUSDT,BUY,LIMIT,1701953463253,4.0,11.855761
XVSUSDT,BUY,LIMIT,1701953464351,0.3,11.861575
XVSUSDT,BUY,LIMIT,1701953844652,5.4,11.862740
XVSUSDT,BUY,LIMIT,1701953851581,9.7,11.872299
XVSUSDT,BUY,LIMIT,1701953891388,1.9,11.880702
XVSUSDT,BUY,LIMIT,1701953927920,19.3,11.907582
XVSUSDT,BUY,LIMIT,1701953932391,205.4,11.915230
XVSUSDT,BUY,LIMIT,1701953976589,0.1,11.900770
XVSUSDT,BUY,LIMIT,1701954117036,0.7,11.935620
XVSUSDT,BUY,LIMIT,1701954118644,22.4,11.940795
XVSUSDT,SELL,LIMIT,1701954615066,1.7,11.812804
XVSUSDT,BUY,LIMIT,1701955320521,0.3,11.850740
XVSUSDT,SELL,LIMIT,1701955824855,19.3,11.133216
XVSUSDT,SELL,LIMIT,1701955843717,86.0,11.119486
XVSUSDT,SELL,LIMIT,1701955868085,3.7,11.096816
XVSUSDT,SELL,LIMIT,1701955944254,34.1,11.067639
XVSUSDT,SELL,LIMIT,1701955950037,16.3,11.054438
XVSUSDT,SELL,LIMIT,1701955957152,2.0,11.042864
XVSUSDT,SELL,LIMIT,1701955978696,5.2,11.011603
XVSUSDT,SELL,LIMIT,1701955980327,55.0,11.003562
XVSUSDT,SELL,LIMIT,1701955992896,432.5,10.984313
XVSUSDT,SELL,LIMIT,1701956050548,8.9,10.955807
XVSUSDT,SELL,LIMIT,1701956051760,129.5,10.953627
XVSUSDT,SELL,LIMIT,1701956109338,6.2,10.928367
XVSUSDT,SELL,LIMIT,1701956111311,400.0,10.908720
XVSUSDT,SELL,LIMIT,1701956147988,232.6,10.884274
XVSUSDT,SELL,LIMIT,1701956168327,132.9,10.863442
XVSUSDT,SELL,LIMIT,1701956199356,18.3,10.853185
XVSUSDT,SELL,LIMIT,1701956204236,12.0,10.840762
XVSUSDT,SELL,LIMIT,1701956205314,1.9,10.841735
XVSUSDT,SELL,LIMIT,1701956230141,12.2,10.812143
XVSUSDT,SELL,LIMIT,1701956235681,47.7,10.778984
XVSUSDT,SELL,LIMIT,1701956481323,16.8,10.761247
XVSUSDT,SELL,LIMIT,1701956492058,26.4,10.746459
XVSUSDT,SELL,LIMIT,1701956493405,11.2,10.716940
XVSUSDT,SELL,LIMIT,1701956579103,5.5,10.645924
XVSUSDT,SELL,LIMIT,1701956580135,1.4,10.628416
XVSUSDT,SELL,LIMIT,1701956581258,1.0,10.608559
XVSUSDT,SELL,LIMIT,1701956583015,69.7,10.624187
XVSUSDT,SELL,LIMIT,1701956585795,329.1,10.575727
XVSUSDT,SELL,LIMIT,1701956592020,0.8,10.563416
XVSUSDT,SELL,LIMIT,1701956597565,454.2,10.540499
XVSUSDT,SELL,LIMIT,1701956671552,112.5,10.536409
XVSUSDT,SELL,LIMIT,1701956831827,11.5,10.529564
XVSUSDT,SELL,LIMIT,1701956834340,37.0,10.525583
XVSUSDT,SELL,LIMIT,1701956837638,193.3,10.518167
XVSUSDT,SELL,LIMIT,1701956859778,18.8,10.507250
XVSUSDT,SELL,LIMIT,1701956862268,26.7,10.496333
XVSUSDT,SELL,LIMIT,1701956904167,40.0,10.495238
XVSUSDT,SELL,LIMIT,1701956906307,10.2,10.483442
XVSUSDT,SELL,LIMIT,1701956909700,47.4,10.480214
XVSUSDT,SELL,LIMIT,1701956916860,101.4,10.472422
XVSUSDT,SELL,LIMIT,1701956961363,0.9,10.459459
XVSUSDT,SELL,LIMIT,1701957040094,25.3,10.453701
XVSUSDT,SELL,LIMIT,1701957238198,3.9,10.450888
XVSUSDT,SELL,LIMIT,1701957256083,17.5,10.443372
XVSUSDT,SELL,LIMIT,1701957308067,0.9,10.426850
XVSUSDT,SELL,LIMIT,1701957310257,9.4,10.399252
XVSUSDT,SELL,LIMIT,1701957311810,101.3,10.407880
XVSUSDT,SELL,LIMIT,1701957755075,3.7,10.347713
XVSUSDT,SELL,LIMIT,1701958548777,12.0,10.274395
XVSUSDT,BUY,LIMIT,1701962223380,1.0,10.959718
XVSUSDT,BUY,LIMIT,1701962709733,3.8,10.974822
XVSUSDT,SELL,LIMIT,1701963101679,4.5,10.501681
XVSUSDT,SELL,LIMIT,1701964325073,0.6,10.550948
XVSUSDT,SELL,LIMIT,1701964734885,88.2,10.512098
XVSUSDT,BUY,LIMIT,1701965060284,53.6,9.211467
XVSUSDT,BUY,LIMIT,1701965127018,96.2,10.891545
XVSUSDT,BUY,LIMIT,1701966787626,291.4,10.855860
XVSUSDT,BUY,LIMIT,1701969388466,24.8,11.065913
XVSUSDT,BUY,LIMIT,1701970286352,15.9,10.983547
XVSUSDT,BUY,LIMIT,1701972140547,1.9,11.113172
XVSUSDT,BUY,LIMIT,1701972801808,18.0,11.161229
XVSUSDT,BUY,LIMIT,1701972997278,1.9,11.290552
XVSUSDT,BUY,LIMIT,1701973135127,17.1,11.372229
XVSUSDT,BUY,LIMIT,1701975279764,94.6,11.461144
XVSUSDT,BUY,LIMIT,1701975435314,0.8,11.554413
XVSUSDT,BUY,LIMIT,1701975441976,14.4,11.577473
XVSUSDT,BUY,LIMIT,1701975472120,5.8,11.607336
XVSUSDT,BUY,LIMIT,1701975473286,0.8,11.604494
XVSUSDT,BUY,LIMIT,1701975482318,18.9,11.608691
XVSUSDT,SELL,LIMIT,1701976858160,307.0,10.811930
XVSUSDT,SELL,LIMIT,1701976859781,70.2,10.799964
XVSUSDT,SELL,LIMIT,1701976861347,157.1,10.795228
XVSUSDT,SELL,LIMIT,1701977182585,2378.1,10.734316
XVSUSDT,SELL,LIMIT,1701977289965,24.1,10.779021
XVSUSDT,SELL,LIMIT,1701985186172,7.4,10.772222
XVSUSDT,SELL,LIMIT,1701988378528,14.5,10.738654
XVSUSDT,SELL,LIMIT,1701988475925,50.6,10.707823
XVSUSDT,SELL,LIMIT,1701988485566,17.4,10.695452
XVSUSDT,SELL,LIMIT,1701997036454,3.8,10.600793
XVSUSDT,SELL,LIMIT,1701997066150,124.4,10.583060
XVSUSDT,SELL,LIMIT,1701997067519,0.6,10.568312
XVSUSDT,SELL,LIMIT,1701997287561,7.7,10.543820
XVSUSDT,SELL,LIMIT,1701997315252,35.2,10.541405
XVSUSDT,SELL,LIMIT,1701997383788,249.8,10.514284
XVSUSDT,SELL,LIMIT,1701997476699,1.6,10.496702
XVSUSDT,SELL,LIMIT,1701997519656,2.1,10.484305
XVSUSDT,SELL,LIMIT,1701997531920,20.2,10.482061
XVSUSDT,SELL,LIMIT,1702002797163,195.5,10.437350
XVSUSDT,SELL,LIMIT,1702002830736,156.1,10.425722
XVSUSDT,SELL,LIMIT,1702002977203,8.9,10.408997
XVSUSDT,SELL,LIMIT,1702003164095,180.0,10.407361
XVSUSDT,SELL,LIMIT,1702003396339,457.2,10.395316
XVSUSDT,SELL,LIMIT,1702003652164,6.2,10.367507
XVSUSDT,SELL,LIMIT,1702009244076,6.6,10.221280
XVSUSDT,SELL,LIMIT,1702009249221,5.3,10.171472
XVSUSDT,SELL,LIMIT,1702009268972,4.6,10.166401
XVSUSDT,SELL,LIMIT,1702009303360,40.0,10.156361
XVSUSDT,SELL,LIMIT,1702009448424,8.0,10.127802
XVSUSDT,SELL,LIMIT,1702009465324,3.7,10.122567
XVSUSDT,SELL,LIMIT,1702009764129,4.8,10.107775
XVSUSDT,SELL,LIMIT,1702009765160,1.9,10.107007
XVSUSDT,SELL,LIMIT,1702009772562,4.5,10.095331
XVSUSDT,SELL,LIMIT,1702010737526,128.4,10.079419
XVSUSDT,SELL,LIMIT,1702011151860,9.2,10.043219
XVSUSDT,SELL,LIMIT,1702011164468,29.5,10.022251
XVSUSDT,SELL,LIMIT,1702011178095,74.3,10.013808
XVSUSDT,SELL,LIMIT,1702011198953,15.0,9.991597
XVSUSDT,SELL,LIMIT,1702011202327,0.7,9.971674
XVSUSDT,SELL,LIMIT,1702011205034,24.8,9.962281
XVSUSDT,SELL,LIMIT,1702011206107,16.3,9.945792
XVSUSDT,SELL,LIMIT,1702011209148,143.5,9.939438
XVSUSDT,SELL,LIMIT,1702011210809,29.4,9.933358
XVSUSDT,SELL,LIMIT,1702011214734,7.7,9.930684
XVSUSDT,SELL,LIMIT,1702011215885,118.9,9.921269
XVSUSDT,SELL,LIMIT,1702011218912,549.8,9.911622
XVSUSDT,SELL,LIMIT,1702011221961,3.8,9.901085
XVSUSDT,SELL,LIMIT,1702011225356,44.2,9.889455
XVSUSDT,SELL,LIMIT,1702011226412,27.7,9.886288
XVSUSDT,SELL,LIMIT,1702011231466,348.0,9.858775
XVSUSDT,SELL,LIMIT,1702011233741,13.3,9.852261
XVSUSDT,SELL,LIMIT,1702011262392,14.6,9.845737
XVSUSDT,BUY,LIMIT,1702015829269,299.9,10.686205
XVSUSDT,BUY,LIMIT,1702017301078,85.8,10.909131
XVSUSDT,BUY,LIMIT,1702017304282,200.0,10.958722
XVSUSDT,SELL,LIMIT,1702021483607,2.3,10.502999
XVSUSDT,BUY,LIMIT,1702023418836,210.0,11.128223
XVSUSDT,BUY,LIMIT,1702023525685,0.6,11.133643
XVSUSDT,BUY,LIMIT,1702023576319,5.5,11.157089
XVSUSDT,SELL,LIMIT,1702049248166,0.5,10.394999
XVSUSDT,SELL,LIMIT,1702050356345,4.5,10.443861
XVSUSDT,SELL,LIMIT,1702051270399,0.4,10.563516
XVSUSDT,BUY,LIMIT,1702052530226,8.7,11.079240
XVSUSDT,SELL,LIMIT,1702055269394,4.6,10.601143
XVSUSDT,BUY,LIMIT,1702065167574,7.2,10.968354
XVSUSDT,SELL,LIMIT,1702065554133,1.3,10.535405
XVSUSDT,BUY,LIMIT,1702068252351,4.3,10.966869
XVSUSDT,BUY,LIMIT,1702078177083,179.2,11.033813
XVSUSDT,BUY,LIMIT,1702078554210,0.5,11.032046
XVSUSDT,BUY,LIMIT,1702078608282,40.1,11.021104
XVSUSDT,BUY,LIMIT,1702080030397,235.9,11.135316
XVSUSDT,BUY,LIMIT,1702080059813,2.3,11.155262
XVSUSDT,BUY,LIMIT,1702080099475,9.3,11.242335
XVSUSDT,BUY,LIMIT,1702080118457,0.8,11.300695
XVSUSDT,BUY,LIMIT,1702080121754,1.0,11.328643
XVSUSDT,BUY,LIMIT,1702080123070,10.0,11.375040
XVSUSDT,BUY,LIMIT,1702080127311,94.1,11.372700
XVSUSDT,BUY,LIMIT,1702081706185,19.5,11.266399
XVSUSDT,BUY,LIMIT,1702082012346,1.0,11.300580
XVSUSDT,BUY,LIMIT,1702082637125,0.5,11.460809
XVSUSDT,BUY,LIMIT,1702083784490,7.6,11.445811
XVSUSDT,SELL,LIMIT,1702089848669,5.4,10.650301
XVSUSDT,BUY,LIMIT,1702092411448,1.7,11.154720
XVSUSDT,BUY,LIMIT,1702094757471,2.9,11.189184
XVSUSDT,BUY,LIMIT,1702094802161,4.2,11.172590
XVSUSDT,BUY,LIMIT,1702096236351,26.1,11.277137
XVSUSDT,BUY,LIMIT,1702102926752,5.7,11.146560
XVSUSDT,BUY,LIMIT,1702103514169,8.6,11.283554
XVSUSDT,BUY,LIMIT,1702103525642,0.8,11.300293
XVSUSDT,BUY,LIMIT,1702103589187,4.6,11.420177
XVSUSDT,BUY,LIMIT,1702103671864,4.0,11.482999
XVSUSDT,BUY,LIMIT,1702103673069,0.6,11.511965
XVSUSDT,BUY,LIMIT,1702107981969,441.8,11.331784
XVSUSDT,SELL,LIMIT,1702110859825,0.9,10.808421
XVSUSDT,SELL,LIMIT,1702110982541,153.5,10.644017
XVSUSDT,SELL,LIMIT,1702111026866,17.8,10.632030
XVSUSDT,SELL,LIMIT,1702111030833,103.7,10.616768
XVSUSDT,SELL,LIMIT,1702111045935,401.1,10.572192
XVSUSDT,SELL,LIMIT,1702111388786,279.0,10.537719
XVSUSDT,BUY,LIMIT,1702120891713,62.8,11.053175
XVSUSDT,SELL,LIMIT,1702127327259,3.4,10.521527
XVSUSDT,BUY,LIMIT,1702127908076,0.1,10.960920
XVSUSDT,SELL,LIMIT,1702130857675,3.3,10.489793
XVSUSDT,SELL,LIMIT,1702130887775,7.7,10.458805
XVSUSDT,SELL,LIMIT,1702132600864,142.8,10.448933
XVSUSDT,SELL,LIMIT,1702132995020,28.1,10.399761
XVSUSDT,SELL,LIMIT,1702133003799,8.2,10.388488
