Symbol,Side,Order Type,Time,Quantity,Price
YFIUSDT,BUY,LIMIT,1701916200188,0.042,8708.0
YFIUSDT,SELL,LIMIT,1701936921443,0.270,8479.9
YFIUSDT,SELL,LIMIT,1701937384802,0.011,8465.7
YFIUSDT,SELL,LIMIT,1701937821136,0.004,8455.8
YFIUSDT,BUY,LIMIT,1701939976921,0.058,8624.5
YFIUSDT,SELL,LIMIT,1701940558589,0.005,8357.6
YFIUSDT,SELL,LIMIT,1701940561278,0.341,8357.9
YFIUSDT,SELL,LIMIT,1701940565630,0.261,8340.8
YFIUSDT,SELL,LIMIT,1701941110891,0.003,8317.6
YFIUSDT,SELL,LIMIT,1701941149967,0.016,8354.0
YFIUSDT,SELL,LIMIT,1701941174124,0.004,8294.0
YFIUSDT,SELL,LIMIT,1701941184085,0.002,8286.2
YFIUSDT,SELL,LIMIT,1701941187426,0.002,8273.2
YFIUSDT,SELL,LIMIT,1701941188597,0.168,8280.7
YFIUSDT,SELL,LIMIT,1701941190316,0.019,8263.9
YFIUSDT,SELL,LIMIT,1701941240093,0.037,8268.5
YFIUSDT,SELL,LIMIT,1701941245437,0.031,8265.0
YFIUSDT,SELL,LIMIT,1701951337174,0.116,8365.7
YFIUSDT,BUY,LIMIT,1701953976591,0.001,8647.3
YFIUSDT,BUY,LIMIT,1701959257476,0.033,8630.6
YFIUSDT,BUY,LIMIT,1701962842288,0.009,8675.9
YFIUSDT,SELL,LIMIT,1701971001670,0.004,8421.2
YFIUSDT,SELL,LIMIT,1701974756389,0.024,8385.0
YFIUSDT,SELL,LIMIT,1701977148499,0.080,8354.1
YFIUSDT,SELL,LIMIT,1701977297059,0.006,8339.3
YFIUSDT,SELL,LIMIT,1701978286680,0.067,8320.7
YFIUSDT,BUY,LIMIT,1702009000171,0.291,8767.5
YFIUSDT,SELL,LIMIT,1702019970492,0.388,8509.5
YFIUSDT,SELL,LIMIT,1702020192294,0.002,8464.7
YFIUSDT,SELL,LIMIT,1702020223593,0.058,8494.7
YFIUSDT,SELL,LIMIT,1702020665471,0.104,8434.8
YFIUSDT,BUY,LIMIT,1702036083674,0.004,8862.9
YFIUSDT,SELL,LIMIT,1702040477936,0.038,8547.3
YFIUSDT,SELL,LIMIT,1702042247760,0.560,8533.5
YFIUSDT,BUY,LIMIT,1702046023497,0.116,8846.7
YFIUSDT,BUY,LIMIT,1702049139221,0.028,8947.3
YFIUSDT,BUY,LIMIT,1702049289116,0.002,9018.1
YFIUSDT,BUY,LIMIT,1702049329733,0.006,9035.7
YFIUSDT,BUY,LIMIT,1702049371464,0.021,9087.4
YFIUSDT,SELL,LIMIT,1702049476516,0.148,8710.5
YFIUSDT,SELL,LIMIT,1702049704345,0.023,8678.9
YFIUSDT,BUY,LIMIT,1702051483501,0.001,9093.0
YFIUSDT,BUY,LIMIT,1702051514698,0.026,9097.1
YFIUSDT,BUY,LIMIT,1702052065642,0.009,9106.8
YFIUSDT,BUY,LIMIT,1702052094808,0.001,9116.9
YFIUSDT,BUY,LIMIT,1702052104708,0.023,9124.6
YFIUSDT,BUY,LIMIT,1702052657303,0.005,9126.5
YFIUSDT,SELL,LIMIT,1702055239862,0.100,8701.2
YFIUSDT,BUY,LIMIT,1702061435648,0.045,9114.3
YFIUSDT,BUY,LIMIT,1702064195892,0.008,9108.3
YFIUSDT,BUY,LIMIT,1702064401634,0.097,9122.2
YFIUSDT,BUY,LIMIT,1702064526067,0.001,9139.2
YFIUSDT,BUY,LIMIT,1702065232800,0.075,9202.7
YFIUSDT,BUY,LIMIT,1702065387048,0.047,9216.1
YFIUSDT,BUY,LIMIT,1702065394828,0.004,9218.4
YFIUSDT,BUY,LIMIT,1702065708498,0.002,9236.2
YFIUSDT,BUY,LIMIT,1702065747918,0.273,9270.0
YFIUSDT,BUY,LIMIT,1702066614825,0.029,9346.7
YFIUSDT,BUY,LIMIT,1702066636440,0.008,9361.2
YFIUSDT,BUY,LIMIT,1702066759267,0.369,9376.5
YFIUSDT,BUY,LIMIT,1702066761142,0.023,9384.3
YFIUSDT,BUY,LIMIT,1702066777798,0.500,9387.1
YFIUSDT,BUY,LIMIT,1702066781546,0.188,9389.2
YFIUSDT,BUY,LIMIT,1702067289531,0.013,9453.5
YFIUSDT,BUY,LIMIT,1702067304815,0.040,9464.7
YFIUSDT,BUY,LIMIT,1702067606202,0.022,9495.3
YFIUSDT,SELL,LIMIT,1702067684000,0.015,9170.0
YFIUSDT,SELL,LIMIT,1702067693424,0.406,9162.8
YFIUSDT,BUY,LIMIT,1702067856452,0.025,9509.3
YFIUSDT,BUY,LIMIT,1702067914724,0.023,9527.1
YFIUSDT,BUY,LIMIT,1702068122902,0.004,9545.0
YFIUSDT,BUY,LIMIT,1702068130797,0.002,9554.9
YFIUSDT,BUY,LIMIT,1702068134331,0.012,9560.7
YFIUSDT,BUY,LIMIT,1702068146566,0.140,9570.9
YFIUSDT,BUY,LIMIT,1702068270618,0.006,9638.7
YFIUSDT,BUY,LIMIT,1702068304081,0.001,9645.0
YFIUSDT,BUY,LIMIT,1702068356319,0.521,9683.9
YFIUSDT,SELL,LIMIT,1702068400145,0.005,9318.7
YFIUSDT,SELL,LIMIT,1702068401186,0.054,9319.4
YFIUSDT,BUY,LIMIT,1702068472432,0.190,9692.1
YFIUSDT,SELL,LIMIT,1702068509018,0.006,9364.3
YFIUSDT,BUY,LIMIT,1702068736826,0.005,9721.7
YFIUSDT,BUY,LIMIT,1702068742580,0.026,9728.2
YFIUSDT,BUY,LIMIT,1702068748049,0.001,9736.2
YFIUSDT,BUY,LIMIT,1702068759698,0.024,9746.2
YFIUSDT,SELL,LIMIT,1702069356579,0.019,9383.5
YFIUSDT,SELL,LIMIT,1702069434984,0.109,9366.2
YFIUSDT,SELL,LIMIT,1702069436225,0.013,9354.1
YFIUSDT,SELL,LIMIT,1702069443095,0.178,9319.0
YFIUSDT,SELL,LIMIT,1702069453120,0.016,9316.6
YFIUSDT,SELL,LIMIT,1702069699702,0.067,9249.8
YFIUSDT,SELL,LIMIT,1702069737456,0.031,9240.2
YFIUSDT,SELL,LIMIT,1702069874746,0.075,9213.9
YFIUSDT,SELL,LIMIT,1702069907017,0.182,9197.4
YFIUSDT,SELL,LIMIT,1702069933312,0.014,9186.8
YFIUSDT,SELL,LIMIT,1702069937357,0.047,9180.5
YFIUSDT,SELL,LIMIT,1702069940663,0.069,9174.5
YFIUSDT,SELL,LIMIT,1702070132375,0.165,9165.7
YFIUSDT,SELL,LIMIT,1702070135283,0.046,9151.4
YFIUSDT,SELL,LIMIT,1702070179547,0.008,9126.7
YFIUSDT,SELL,LIMIT,1702070297779,0.001,9101.9
YFIUSDT,SELL,LIMIT,1702070303107,0.127,9090.6
YFIUSDT,SELL,LIMIT,1702070305335,0.002,9088.3
YFIUSDT,SELL,LIMIT,1702070306617,0.368,9079.0
YFIUSDT,BUY,LIMIT,1702070664233,0.517,9367.4
YFIUSDT,SELL,LIMIT,1702071402241,0.215,9085.9
YFIUSDT,SELL,LIMIT,1702071466131,0.051,9053.8
YFIUSDT,SELL,LIMIT,1702071469449,0.009,9049.3
YFIUSDT,BUY,LIMIT,1702071643067,0.021,9365.6
YFIUSDT,BUY,LIMIT,1702071648470,0.115,9369.3
YFIUSDT,SELL,LIMIT,1702071813068,0.052,9031.8
YFIUSDT,SELL,LIMIT,1702071818345,0.003,9022.3
YFIUSDT,SELL,LIMIT,1702071826270,0.003,8978.8
YFIUSDT,SELL,LIMIT,1702071832868,0.049,8955.7
YFIUSDT,SELL,LIMIT,1702071870436,0.027,8916.5
YFIUSDT,SELL,LIMIT,1702071986503,0.159,8917.0
YFIUSDT,SELL,LIMIT,1702071988363,0.055,8897.6
YFIUSDT,SELL,LIMIT,1702072127394,0.008,8892.6
YFIUSDT,SELL,LIMIT,1702072132424,0.085,8890.6
YFIUSDT,BUY,LIMIT,1702072443251,0.123,9265.2
YFIUSDT,SELL,LIMIT,1702074781182,0.013,9022.9
YFIUSDT,SELL,LIMIT,1702075483169,0.001,9023.3
YFIUSDT,SELL,LIMIT,1702076278817,0.048,9014.7
YFIUSDT,SELL,LIMIT,1702078604286,0.243,9180.6
YFIUSDT,SELL,LIMIT,1702079035393,0.004,9060.2
YFIUSDT,BUY,LIMIT,1702080402587,0.012,9344.0
YFIUSDT,BUY,LIMIT,1702080687268,0.013,9326.1
YFIUSDT,BUY,LIMIT,1702081703804,0.042,9399.5
YFIUSDT,BUY,LIMIT,1702081984546,0.015,9402.9
YFIUSDT,BUY,LIMIT,1702082438190,0.040,9479.2
YFIUSDT,BUY,LIMIT,1702082974938,0.028,9539.9
YFIUSDT,BUY,LIMIT,1702083126195,0.047,9543.9
YFIUSDT,SELL,LIMIT,1702084035467,0.003,9125.4
YFIUSDT,SELL,LIMIT,1702084103930,0.506,9097.5
YFIUSDT,SELL,LIMIT,1702086023857,0.044,9202.9
YFIUSDT,SELL,LIMIT,1702086204488,0.122,9189.2
YFIUSDT,SELL,LIMIT,1702087880150,0.001,9145.4
YFIUSDT,SELL,LIMIT,1702087889739,0.001,9093.4
YFIUSDT,BUY,LIMIT,1702093111221,0.223,9616.7
YFIUSDT,BUY,LIMIT,1702097212156,0.028,9674.9
YFIUSDT,SELL,LIMIT,1702099340839,0.004,9314.7
YFIUSDT,SELL,LIMIT,1702100525770,0.063,9294.6
YFIUSDT,SELL,LIMIT,1702102282203,0.038,9265.4
YFIUSDT,BUY,LIMIT,1702102361560,0.012,9549.7
YFIUSDT,BUY,LIMIT,1702102929864,0.005,9541.7
YFIUSDT,SELL,LIMIT,1702103009300,0.297,9255.8
YFIUSDT,BUY,LIMIT,1702103376621,0.022,9561.0
YFIUSDT,SELL,LIMIT,1702103923268,0.007,9244.1
YFIUSDT,SELL,LIMIT,1702107284115,0.036,9200.0
YFIUSDT,SELL,LIMIT,1702107635588,0.022,9191.4
YFIUSDT,BUY,LIMIT,1702108165848,0.045,9481.6
YFIUSDT,BUY,LIMIT,1702108366208,0.015,9521.9
YFIUSDT,BUY,LIMIT,1702109032072,0.001,9477.2
YFIUSDT,BUY,LIMIT,1702109243756,0.013,9483.1
YFIUSDT,BUY,LIMIT,1702109244834,0.009,9486.1
YFIUSDT,SELL,LIMIT,1702109722238,0.006,9241.3
YFIUSDT,BUY,LIMIT,1702109787113,0.016,9522.4
YFIUSDT,SELL,LIMIT,1702110874263,0.003,9193.7
YFIUSDT,SELL,LIMIT,1702110903009,0.155,9181.2
YFIUSDT,SELL,LIMIT,1702110922510,0.043,9141.7
YFIUSDT,SELL,LIMIT,1702110970061,0.001,9133.0
YFIUSDT,SELL,LIMIT,1702110971408,0.020,9128.6
YFIUSDT,SELL,LIMIT,1702110974399,0.003,9117.9
YFIUSDT,SELL,LIMIT,1702110975633,0.007,9110.5
YFIUSDT,SELL,LIMIT,1702110979257,0.018,9088.6
YFIUSDT,SELL,LIMIT,1702110981210,0.535,9087.7
YFIUSDT,SELL,LIMIT,1702110983437,0.107,9081.3
YFIUSDT,SELL,LIMIT,1702111029134,0.003,9091.0
YFIUSDT,SELL,LIMIT,1702111037280,0.006,9075.9
YFIUSDT,SELL,LIMIT,1702111039440,0.036,9067.3
YFIUSDT,SELL,LIMIT,1702111043738,0.003,9054.2
YFIUSDT,SELL,LIMIT,1702111045374,0.133,9072.5
YFIUSDT,BUY,LIMIT,1702111136656,0.032,9374.3
YFIUSDT,SELL,LIMIT,1702111350636,0.309,9085.4
YFIUSDT,SELL,LIMIT,1702111369052,0.002,9033.7
YFIUSDT,SELL,LIMIT,1702111371520,0.040,9032.4
YFIUSDT,SELL,LIMIT,1702111373387,0.104,9016.7
YFIUSDT,SELL,LIMIT,1702111376420,0.532,9010.5
YFIUSDT,SELL,LIMIT,1702111380893,0.144,8991.8
YFIUSDT,SELL,LIMIT,1702111389205,0.344,8982.5
YFIUSDT,BUY,LIMIT,1702111523338,0.003,9337.6
YFIUSDT,SELL,LIMIT,1702115620244,0.001,9076.4
YFIUSDT,SELL,LIMIT,1702122243152,0.047,9058.3
YFIUSDT,BUY,LIMIT,1702123583364,0.050,9387.9
YFIUSDT,SELL,LIMIT,1702128685389,0.002,9034.7
YFIUSDT,BUY,LIMIT,1702130821042,0.249,9449.0
YFIUSDT,SELL,LIMIT,1702132993460,0.002,9080.8
YFIUSDT,SELL,LIMIT,1702132995582,0.045,9067.0
YFIUSDT,SELL,LIMIT,1702132997092,0.016,9063.2
YFIUSDT,BUY,LIMIT,1702133000892,0.001,9333.2
YFIUSDT,SELL,LIMIT,1702134937245,0.425,9172.5
YFIUSDT,SELL,LIMIT,1702135506391,0.540,9054.1
YFIUSDT,SELL,LIMIT,1702138996402,0.126,9091.5
YFIUSDT,SELL,LIMIT,1702139117285,0.006,9069.8
YFIUSDT,SELL,LIMIT,1702141658245,0.008,9040.4
YFIUSDT,SELL,LIMIT,1702141665758,0.031,9044.0
YFIUSDT,SELL,LIMIT,1702141848339,0.003,9013.8
YFIUSDT,SELL,LIMIT,1702141851653,0.003,8998.9
YFIUSDT,SELL,LIMIT,1702143016325,0.515,9047.6
YFIUSDT,SELL,LIMIT,1702143892702,0.021,9034.0
YFIUSDT,SELL,LIMIT,1702144631246,0.561,9080.8
YFIUSDT,BUY,LIMIT,1702147897078,0.003,9388.1
YFIUSDT,BUY,LIMIT,1702152156108,0.075,9415.1
YFIUSDT,SELL,LIMIT,1702156347155,0.007,9023.5
YFIUSDT,BUY,LIMIT,1702158112912,0.456,9374.6
YFIUSDT,SELL,LIMIT,1702162557219,0.126,8983.1
YFIUSDT,SELL,LIMIT,1702162581106,0.545,8984.2
YFIUSDT,SELL,LIMIT,1702164117065,0.005,8968.1
YFIUSDT,SELL,LIMIT,1702164183501,0.551,8962.5
YFIUSDT,SELL,LIMIT,1702164185024,0.212,8956.0
YFIUSDT,SELL,LIMIT,1702164242958,0.016,8941.2
YFIUSDT,SELL,LIMIT,1702164386211,0.020,8930.6
YFIUSDT,SELL,LIMIT,1702164536223,0.144,8919.9
YFIUSDT,SELL,LIMIT,1702164541572,0.021,8910.8
YFIUSDT,SELL,LIMIT,1702164687251,0.011,8904.0
YFIUSDT,SELL,LIMIT,1702164727335,2.147,8833.4
YFIUSDT,SELL,LIMIT,1702164729344,0.054,8896.8
YFIUSDT,SELL,LIMIT,1702164747642,0.005,8892.8
YFIUSDT,SELL,LIMIT,1702164750212,0.004,8876.9
YFIUSDT,SELL,LIMIT,1702164751522,0.001,8884.0
YFIUSDT,SELL,LIMIT,1702164797660,0.543,8881.8
YFIUSDT,SELL,LIMIT,1702164799798,0.002,8872.7
YFIUSDT,SELL,LIMIT,1702164801190,0.086,8870.6
YFIUSDT,SELL,LIMIT,1702164802752,0.053,8863.9
YFIUSDT,SELL,LIMIT,1702164803782,0.219,8845.8
YFIUSDT,SELL,LIMIT,1702164805255,1.351,8771.5
YFIUSDT,SELL,LIMIT,1702164806337,0.010,8822.7
YFIUSDT,SELL,LIMIT,1702164808223,0.738,8784.0
YFIUSDT,SELL,LIMIT,1702164809968,0.003,8800.6
YFIUSDT,SELL,LIMIT,1702164811476,0.295,8794.1
YFIUSDT,SELL,LIMIT,1702189874589,0.179,8984.7
YFIUSDT,SELL,LIMIT,1702189925085,0.018,8978.7
YFIUSDT,SELL,LIMIT,1702192796855,0.003,8958.3
YFIUSDT,SELL,LIMIT,1702192883220,0.545,8927.9
YFIUSDT,SELL,LIMIT,1702193666087,0.022,8941.9
YFIUSDT,SELL,LIMIT,1702200783250,0.273,8918.0
YFIUSDT,SELL,LIMIT,1702200868920,0.547,8901.7
YFIUSDT,SELL,LIMIT,1702200887488,0.008,8891.7
YFIUSDT,SELL,LIMIT,1702200933557,0.274,8860.3
YFIUSDT,SELL,LIMIT,1702201318177,0.127,8845.6
YFIUSDT,SELL,LIMIT,1702201452891,0.003,8830.3
YFIUSDT,SELL,LIMIT,1702202253402,0.005,8825.2
YFIUSDT,SELL,LIMIT,1702202273106,0.026,8818.8
YFIUSDT,SELL,LIMIT,1702202286588,0.026,8811.8
YFIUSDT,SELL,LIMIT,1702202291733,0.015,8799.6
YFIUSDT,SELL,LIMIT,1702202297203,0.579,8795.1
YFIUSDT,SELL,LIMIT,1702202300307,0.030,8787.4
YFIUSDT,SELL,LIMIT,1702202305445,0.011,8792.4
YFIUSDT,SELL,LIMIT,1702202318310,0.019,8791.0
YFIUSDT,SELL,LIMIT,1702202322260,0.012,8779.0
YFIUSDT,SELL,LIMIT,1702202324082,0.001,8776.7
YFIUSDT,SELL,LIMIT,1702202372269,0.007,8771.2
YFIUSDT,SELL,LIMIT,1702202375116,0.012,8759.4
YFIUSDT,SELL,LIMIT,1702202380131,0.019,8751.8
YFIUSDT,BUY,LIMIT,1702213055937,0.002,9221.3
YFIUSDT,BUY,LIMIT,1702215962649,0.021,9228.1
YFIUSDT,BUY,LIMIT,1702216823021,0.037,9224.1
YFIUSDT,SELL,LIMIT,1702218885952,0.135,8915.4
YFIUSDT,BUY,LIMIT,1702224448837,0.003,9364.9
YFIUSDT,SELL,LIMIT,1702227045155,0.002,9038.1
YFIUSDT,BUY,LIMIT,1702240762513,0.047,9407.8
YFIUSDT,BUY,LIMIT,1702241689967,0.556,9445.3
YFIUSDT,BUY,LIMIT,1702241948686,0.277,9442.9
YFIUSDT,BUY,LIMIT,1702246917501,0.052,9450.7
YFIUSDT,BUY,LIMIT,1702247406549,0.120,9494.2
YFIUSDT,SELL,LIMIT,1702250126122,0.192,9136.8
YFIUSDT,SELL,LIMIT,1702250235259,0.100,9131.0
YFIUSDT,SELL,LIMIT,1702250286720,0.500,9117.9
YFIUSDT,SELL,LIMIT,1702250287807,0.023,9117.0
YFIUSDT,SELL,LIMIT,1702256097456,0.200,9170.6
YFIUSDT,SELL,LIMIT,1702256440721,0.074,9127.2
YFIUSDT,SELL,LIMIT,1702256577315,0.017,9103.8
YFIUSDT,SELL,LIMIT,1702256614532,0.459,9070.3
YFIUSDT,SELL,LIMIT,1702256714261,0.012,9053.5
YFIUSDT,SELL,LIMIT,1702256724030,0.008,9044.4
YFIUSDT,SELL,LIMIT,1702256915479,0.200,9020.5
YFIUSDT,SELL,LIMIT,1702256917843,0.095,9018.0
YFIUSDT,SELL,LIMIT,1702256919224,0.040,9016.2
YFIUSDT,SELL,LIMIT,1702256929440,0.035,9008.5
YFIUSDT,SELL,LIMIT,1702256976596,0.002,9009.4
YFIUSDT,SELL,LIMIT,1702256994166,0.001,8996.6
YFIUSDT,SELL,LIMIT,1702256996664,0.002,8993.5
YFIUSDT,BUY,LIMIT,1702258391427,0.203,9429.5
YFIUSDT,SELL,LIMIT,1702260435056,0.037,9043.3
YFIUSDT,SELL,LIMIT,1702260437656,1.169,8981.8
YFIUSDT,SELL,LIMIT,1702260443365,0.077,9013.5
YFIUSDT,SELL,LIMIT,1702260628925,0.030,8967.2
YFIUSDT,SELL,LIMIT,1702260630062,0.002,8956.1
YFIUSDT,SELL,LIMIT,1702260635470,0.001,8931.4
YFIUSDT,SELL,LIMIT,1702260692890,0.011,8938.9
YFIUSDT,SELL,LIMIT,1702260707316,0.006,8909.0
YFIUSDT,SELL,LIMIT,1702260708875,0.003,8916.7
YFIUSDT,SELL,LIMIT,1702260710029,0.014,8902.5
YFIUSDT,BUY,LIMIT,1702260711572,0.005,9163.1
YFIUSDT,SELL,LIMIT,1702260714482,0.268,8937.7
YFIUSDT,SELL,LIMIT,1702260715744,0.054,8877.0
YFIUSDT,SELL,LIMIT,1702260716805,0.001,8876.3
YFIUSDT,SELL,LIMIT,1702260717903,0.944,8836.2
YFIUSDT,SELL,LIMIT,1702260719122,0.299,8851.6
YFIUSDT,SELL,LIMIT,1702260720979,0.007,8844.3
YFIUSDT,SELL,LIMIT,1702260722240,0.239,8884.8
YFIUSDT,SELL,LIMIT,1702260723662,0.172,8829.5
YFIUSDT,SELL,LIMIT,1702260724673,0.059,8823.1
YFIUSDT,SELL,LIMIT,1702260725730,0.109,8808.0
YFIUSDT,SELL,LIMIT,1702260727659,0.031,8802.5
YFIUSDT,SELL,LIMIT,1702260728896,0.004,8784.0
YFIUSDT,SELL,LIMIT,1702260730701,0.028,8753.8
YFIUSDT,SELL,LIMIT,1702260731972,0.020,8753.8
YFIUSDT,SELL,LIMIT,1702260733316,0.326,8738.1
YFIUSDT,SELL,LIMIT,1702260735202,0.545,8720.7
YFIUSDT,SELL,LIMIT,1702260736764,0.447,8691.3
YFIUSDT,SELL,LIMIT,1702260737892,0.012,8703.4
YFIUSDT,SELL,LIMIT,1702260739381,0.012,8678.0
YFIUSDT,SELL,LIMIT,1702260740645,0.243,8666.8
YFIUSDT,SELL,LIMIT,1702260741693,0.010,8593.4
YFIUSDT,SELL,LIMIT,1702260742719,0.015,8593.4
YFIUSDT,SELL,LIMIT,1702260744004,0.945,8540.0
YFIUSDT,SELL,LIMIT,1702260745543,0.018,8554.7
YFIUSDT,SELL,LIMIT,1702260746903,0.068,8517.3
YFIUSDT,SELL,LIMIT,1702260747905,0.030,8514.9
YFIUSDT,SELL,LIMIT,1702260749011,0.060,8509.5
YFIUSDT,SELL,LIMIT,1702260750412,0.012,8505.3
YFIUSDT,SELL,LIMIT,1702260754032,0.022,8496.3
YFIUSDT,SELL,LIMIT,1702260756934,0.013,8500.0
YFIUSDT,SELL,LIMIT,1702260758067,0.004,8495.1
YFIUSDT,SELL,LIMIT,1702260759092,0.689,8456.4
YFIUSDT,SELL,LIMIT,1702260760094,0.446,8459.6
YFIUSDT,SELL,LIMIT,1702260761117,0.041,8362.5
YFIUSDT,SELL,LIMIT,1702260762596,0.002,8370.3
YFIUSDT,SELL,LIMIT,1702260763696,0.046,8333.8
YFIUSDT,SELL,LIMIT,1702260764754,0.001,8322.2
YFIUSDT,SELL,LIMIT,1702260765909,0.176,8311.2
YFIUSDT,SELL,LIMIT,1702260766912,0.234,8306.9
YFIUSDT,SELL,LIMIT,1702260767947,0.042,8303.4
YFIUSDT,SELL,LIMIT,1702260769308,0.111,8303.4
YFIUSDT,SELL,LIMIT,1702260770303,0.002,8274.2
YFIUSDT,SELL,LIMIT,1702260771349,0.156,8270.9
YFIUSDT,SELL,LIMIT,1702260772359,0.003,8266.3
YFIUSDT,SELL,LIMIT,1702260773365,0.001,8220.4
YFIUSDT,SELL,LIMIT,1702260774338,0.211,8219.4
YFIUSDT,SELL,LIMIT,1702260775472,0.022,8240.5
YFIUSDT,SELL,LIMIT,1702260776593,0.016,8240.5
YFIUSDT,SELL,LIMIT,1702260777762,0.001,8232.6
YFIUSDT,SELL,LIMIT,1702260778903,10.537,8044.5
YFIUSDT,SELL,LIMIT,1702260779958,0.063,8190.0
YFIUSDT,SELL,LIMIT,1702260781132,0.004,8158.3
YFIUSDT,SELL,LIMIT,1702260782319,0.008,8156.7
YFIUSDT,SELL,LIMIT,1702260783569,0.026,8146.7
YFIUSDT,SELL,LIMIT,1702260784675,0.006,8146.7
YFIUSDT,SELL,LIMIT,1702260786579,0.118,8137.0
YFIUSDT,SELL,LIMIT,1702260787717,0.002,8089.1
YFIUSDT,BUY,LIMIT,1702260788727,0.001,8336.4
YFIUSDT,SELL,LIMIT,1702260789754,0.050,8070.7
YFIUSDT,SELL,LIMIT,1702260790984,0.002,8062.3
YFIUSDT,SELL,LIMIT,1702260792474,0.064,8100.7
YFIUSDT,SELL,LIMIT,1702260793517,0.010,8114.5
YFIUSDT,SELL,LIMIT,1702260794531,0.034,8090.3
YFIUSDT,SELL,LIMIT,1702260795563,0.007,8134.2
YFIUSDT,SELL,LIMIT,1702260796596,0.024,8138.7
YFIUSDT,SELL,LIMIT,1702260797654,0.300,8176.5
YFIUSDT,BUY,LIMIT,1702260799167,0.543,8382.9
YFIUSDT,SELL,LIMIT,1702260800764,0.002,8207.2
YFIUSDT,SELL,LIMIT,1702260801944,0.001,8230.7
YFIUSDT,SELL,LIMIT,1702260803369,0.060,8235.7
YFIUSDT,SELL,LIMIT,1702260804971,0.001,8227.2
YFIUSDT,SELL,LIMIT,1702260806173,0.052,8253.5
YFIUSDT,SELL,LIMIT,1702260807414,0.040,8198.6
YFIUSDT,SELL,LIMIT,1702260808449,0.240,8180.3
YFIUSDT,SELL,LIMIT,1702260810166,0.063,8166.7
YFIUSDT,SELL,LIMIT,1702260811718,0.163,8133.2
YFIUSDT,SELL,LIMIT,1702260812769,0.069,8235.9
YFIUSDT,SELL,LIMIT,1702260816150,0.105,8146.0
YFIUSDT,SELL,LIMIT,1702260818049,0.009,8164.6
YFIUSDT,SELL,LIMIT,1702260820798,0.109,8117.0
YFIUSDT,SELL,LIMIT,1702260821816,0.003,8107.3
YFIUSDT,SELL,LIMIT,1702260824302,0.003,8143.6
YFIUSDT,SELL,LIMIT,1702260835999,0.032,8134.2
YFIUSDT,BUY,LIMIT,1702260874336,0.003,8489.5
YFIUSDT,SELL,LIMIT,1702260988599,0.576,8319.4
YFIUSDT,SELL,LIMIT,1702262619106,0.086,8416.4
YFIUSDT,SELL,LIMIT,1702262627406,0.120,8401.9
YFIUSDT,SELL,LIMIT,1702262906160,0.016,8367.7
YFIUSDT,SELL,LIMIT,1702264855528,0.002,8503.3
YFIUSDT,SELL,LIMIT,1702266306683,0.373,8551.8
YFIUSDT,SELL,LIMIT,1702267204991,0.006,8514.5
