Symbol,Side,Order Type,Time,Quantity,Price
YFIUSDT,SELL,LIMIT,1701067750212,0.001,8742.1
YFIUSDT,SELL,LIMIT,1701068370617,0.017,8199.4
YFIUSDT,BUY,LIMIT,1701068996839,0.037,8411.0
YFIUSDT,SELL,LIMIT,1701069012314,0.080,8255.0
YFIUSDT,SELL,LIMIT,1701069294372,0.022,8235.6
YFIUSDT,SELL,LIMIT,1701069575248,0.221,8205.0
YFIUSDT,SELL,LIMIT,1701069639320,0.037,8199.7
YFIUSDT,SELL,LIMIT,1701069829144,0.012,8185.4
YFIUSDT,SELL,LIMIT,1701069860987,0.011,8179.6
YFIUSDT,SELL,LIMIT,1701069867081,0.014,8173.7
YFIUSDT,SELL,LIMIT,1701069879959,0.002,8171.7
YFIUSDT,SELL,LIMIT,1701069881027,0.069,8163.6
YFIUSDT,SELL,LIMIT,1701069882278,0.011,8153.8
YFIUSDT,SELL,LIMIT,1701069883335,0.283,8159.6
YFIUSDT,SELL,LIMIT,1701069892986,0.111,8152.6
YFIUSDT,SELL,LIMIT,1701069895548,0.001,8149.0
YFIUSDT,SELL,LIMIT,1701069913235,0.804,8118.0
YFIUSDT,SELL,LIMIT,1701069914325,0.100,8135.2
YFIUSDT,SELL,LIMIT,1701070110611,0.400,8153.9
YFIUSDT,SELL,LIMIT,1701070163185,0.001,8169.9
YFIUSDT,SELL,LIMIT,1701070166094,0.011,8215.6
YFIUSDT,SELL,LIMIT,1701070172199,0.018,8133.1
YFIUSDT,SELL,LIMIT,1701070173313,0.800,8106.9
YFIUSDT,SELL,LIMIT,1701070426660,0.216,8129.2
YFIUSDT,SELL,LIMIT,1701070431304,1.194,8079.8
YFIUSDT,SELL,LIMIT,1701070432627,0.267,8119.2
YFIUSDT,SELL,LIMIT,1701070435317,0.365,8116.4
YFIUSDT,SELL,LIMIT,1701070438418,0.170,8117.3
YFIUSDT,SELL,LIMIT,1701070439307,0.002,8109.7
YFIUSDT,BUY,LIMIT,1701077990469,0.081,8576.5
YFIUSDT,SELL,LIMIT,1701081191109,0.058,8252.0
YFIUSDT,SELL,LIMIT,1701081453182,0.083,8229.6
YFIUSDT,SELL,LIMIT,1701082654046,0.010,8204.5
YFIUSDT,SELL,LIMIT,1701084930683,0.031,8186.5
YFIUSDT,BUY,LIMIT,1701091412657,0.040,8537.7
YFIUSDT,SELL,LIMIT,1701094042864,0.001,8216.1
YFIUSDT,SELL,LIMIT,1701094234782,0.003,8200.7
YFIUSDT,SELL,LIMIT,1701094923927,0.012,8139.4
YFIUSDT,SELL,LIMIT,1701095359690,0.014,8124.9
YFIUSDT,SELL,LIMIT,1701095592362,0.020,8120.4
YFIUSDT,SELL,LIMIT,1701096263544,0.152,8103.7
YFIUSDT,SELL,LIMIT,1701096264943,0.002,8102.5
YFIUSDT,SELL,LIMIT,1701096391161,0.123,8100.3
YFIUSDT,SELL,LIMIT,1701096457044,0.950,8063.0
YFIUSDT,SELL,LIMIT,1701096458625,0.004,8084.9
YFIUSDT,SELL,LIMIT,1701096465639,0.002,8081.0
YFIUSDT,SELL,LIMIT,1701096477254,0.045,8066.6
YFIUSDT,SELL,LIMIT,1701096757754,0.004,8054.5
YFIUSDT,SELL,LIMIT,1701096761441,0.031,8044.6
YFIUSDT,SELL,LIMIT,1701096763670,0.118,8040.7
YFIUSDT,SELL,LIMIT,1701096767305,0.146,8035.7
YFIUSDT,SELL,LIMIT,1701096774450,0.035,8028.8
YFIUSDT,SELL,LIMIT,1701096781088,0.052,8025.3
YFIUSDT,SELL,LIMIT,1701096783103,0.017,8009.6
YFIUSDT,SELL,LIMIT,1701096784128,0.007,8021.9
YFIUSDT,SELL,LIMIT,1701096799613,0.032,8006.2
YFIUSDT,SELL,LIMIT,1701096965360,0.075,8041.3
YFIUSDT,SELL,LIMIT,1701097097414,0.046,8018.6
YFIUSDT,BUY,LIMIT,1701097287141,0.005,8312.5
YFIUSDT,BUY,LIMIT,1701097367292,0.001,8327.2
YFIUSDT,BUY,LIMIT,1701098238339,0.047,8441.9
YFIUSDT,SELL,LIMIT,1701100220031,0.010,8106.0
YFIUSDT,SELL,LIMIT,1701100523440,0.015,8287.1
YFIUSDT,SELL,LIMIT,1701100530291,0.030,8422.3
YFIUSDT,SELL,LIMIT,1701100603167,0.005,8090.8
YFIUSDT,BUY,LIMIT,1701103547065,0.072,8469.9
YFIUSDT,BUY,LIMIT,1701104382936,0.001,8500.7
YFIUSDT,BUY,LIMIT,1701105033079,0.015,8518.6
YFIUSDT,BUY,LIMIT,1701105103190,0.050,8539.3
YFIUSDT,BUY,LIMIT,1701105104216,0.047,8538.7
YFIUSDT,SELL,LIMIT,1701107409068,0.001,8201.2
YFIUSDT,SELL,LIMIT,1701111127848,0.026,8204.1
YFIUSDT,SELL,LIMIT,1701111196116,0.060,8190.7
YFIUSDT,SELL,LIMIT,1701111197562,0.030,8188.8
YFIUSDT,SELL,LIMIT,1701112055642,0.261,8144.3
YFIUSDT,SELL,LIMIT,1701114233105,0.215,8148.1
YFIUSDT,SELL,LIMIT,1701114343050,0.089,8143.2
YFIUSDT,SELL,LIMIT,1701114352849,0.002,8124.8
YFIUSDT,SELL,LIMIT,1701114356874,0.149,8116.0
YFIUSDT,SELL,LIMIT,1701114456078,0.200,8119.0
YFIUSDT,SELL,LIMIT,1701114492040,0.027,8095.2
YFIUSDT,SELL,LIMIT,1701116890301,0.015,8082.0
YFIUSDT,BUY,LIMIT,1701119155939,0.048,8387.4
YFIUSDT,BUY,LIMIT,1701120874530,0.132,8510.4
YFIUSDT,BUY,LIMIT,1701120979437,0.344,8528.5
YFIUSDT,SELL,LIMIT,1701122890910,0.041,8275.4
YFIUSDT,BUY,LIMIT,1701126916256,0.023,8546.3
YFIUSDT,BUY,LIMIT,1701129118981,0.002,8598.7
YFIUSDT,BUY,LIMIT,1701129152907,0.079,8602.1
YFIUSDT,BUY,LIMIT,1701130941686,0.001,8612.6
YFIUSDT,BUY,LIMIT,1701131058080,0.599,8623.9
YFIUSDT,BUY,LIMIT,1701131914175,0.009,8626.3
YFIUSDT,SELL,LIMIT,1701133705713,0.005,8304.6
YFIUSDT,SELL,LIMIT,1701137031261,0.005,8264.4
YFIUSDT,SELL,LIMIT,1701137315235,0.255,8244.2
YFIUSDT,SELL,LIMIT,1701141226086,0.004,8254.0
YFIUSDT,SELL,LIMIT,1701141227389,0.011,8254.1
YFIUSDT,SELL,LIMIT,1701147052294,0.012,8188.0
YFIUSDT,SELL,LIMIT,1701147891408,0.001,8189.9
YFIUSDT,SELL,LIMIT,1701148132551,0.020,8140.6
YFIUSDT,SELL,LIMIT,1701148249226,0.007,8118.9
YFIUSDT,SELL,LIMIT,1701148433117,0.003,8125.4
YFIUSDT,SELL,LIMIT,1701148537760,0.001,8122.4
YFIUSDT,SELL,LIMIT,1701149111721,0.098,8110.1
YFIUSDT,SELL,LIMIT,1701149832678,0.150,8088.5
YFIUSDT,SELL,LIMIT,1701149868128,0.100,8086.5
YFIUSDT,BUY,LIMIT,1701152454731,0.012,8412.4
YFIUSDT,SELL,LIMIT,1701156272947,0.001,8117.6
YFIUSDT,SELL,LIMIT,1701156555283,0.007,8072.6
YFIUSDT,SELL,LIMIT,1701156859054,0.391,8087.6
YFIUSDT,SELL,LIMIT,1701165392002,0.444,8236.9
YFIUSDT,SELL,LIMIT,1701170697020,0.001,8265.2
YFIUSDT,BUY,LIMIT,1701171938445,0.010,8535.6
YFIUSDT,BUY,LIMIT,1701177451029,0.030,8546.4
YFIUSDT,BUY,LIMIT,1701178261528,0.016,8580.1
YFIUSDT,BUY,LIMIT,1701179460441,0.028,8603.8
YFIUSDT,SELL,LIMIT,1701184609924,0.002,8284.7
YFIUSDT,BUY,LIMIT,1701187796524,0.337,8634.3
YFIUSDT,SELL,LIMIT,1701188768106,0.015,8356.8
YFIUSDT,BUY,LIMIT,1701189800143,0.001,8656.9
YFIUSDT,BUY,LIMIT,1701189816512,0.020,8669.5
YFIUSDT,BUY,LIMIT,1701189819113,0.051,8668.4
YFIUSDT,BUY,LIMIT,1701189844837,0.014,8688.3
YFIUSDT,BUY,LIMIT,1701189924587,0.003,8398.0
YFIUSDT,BUY,LIMIT,1701190389240,1.364,8762.9
YFIUSDT,BUY,LIMIT,1701191541969,0.038,8772.4
YFIUSDT,BUY,LIMIT,1701192012482,0.163,8782.1
YFIUSDT,BUY,LIMIT,1701192073830,0.034,8809.6
YFIUSDT,BUY,LIMIT,1701192250410,0.001,8826.2
YFIUSDT,SELL,LIMIT,1701192790091,0.038,8517.3
YFIUSDT,BUY,LIMIT,1701195635733,0.124,8779.5
YFIUSDT,SELL,LIMIT,1701196428158,0.115,8468.1
YFIUSDT,SELL,LIMIT,1701197574203,0.102,8425.8
YFIUSDT,SELL,LIMIT,1701197859428,0.321,8455.8
YFIUSDT,SELL,LIMIT,1701207120285,0.003,8399.4
YFIUSDT,SELL,LIMIT,1701207755297,0.133,8382.1
YFIUSDT,SELL,LIMIT,1701210415724,0.115,8357.6
YFIUSDT,SELL,LIMIT,1701211906280,0.241,8334.0
YFIUSDT,SELL,LIMIT,1701211932525,0.037,8331.8
YFIUSDT,SELL,LIMIT,1701211982263,0.079,8315.1
YFIUSDT,BUY,LIMIT,1701212990873,0.208,8615.8
YFIUSDT,SELL,LIMIT,1701216466142,0.581,8315.1
YFIUSDT,SELL,LIMIT,1701216788084,0.131,8304.1
YFIUSDT,SELL,LIMIT,1701236105228,0.519,8279.8
YFIUSDT,SELL,LIMIT,1701243199422,0.013,8349.6
YFIUSDT,SELL,LIMIT,1701243357350,0.002,8305.3
YFIUSDT,SELL,LIMIT,1701243850227,0.012,8282.2
YFIUSDT,SELL,LIMIT,1701246067225,0.575,8275.6
YFIUSDT,SELL,LIMIT,1701246676306,0.453,8262.4
YFIUSDT,SELL,LIMIT,1701246729534,0.058,8246.9
YFIUSDT,SELL,LIMIT,1701246991068,0.009,8232.3
YFIUSDT,BUY,LIMIT,1701248776501,2.594,8644.0
YFIUSDT,SELL,LIMIT,1701250041744,0.219,8286.4
YFIUSDT,SELL,LIMIT,1701250127910,0.011,8284.7
YFIUSDT,SELL,LIMIT,1701250552247,0.007,8442.8
YFIUSDT,SELL,LIMIT,1701253185093,0.003,8223.1
YFIUSDT,SELL,LIMIT,1701253223391,0.010,8216.6
YFIUSDT,SELL,LIMIT,1701253225782,0.013,8210.9
YFIUSDT,SELL,LIMIT,1701253227093,0.014,8207.8
YFIUSDT,SELL,LIMIT,1701253584720,0.003,8199.2
YFIUSDT,SELL,LIMIT,1701254052216,0.001,8181.4
YFIUSDT,SELL,LIMIT,1701254067086,0.007,8179.1
YFIUSDT,SELL,LIMIT,1701254240353,0.004,8172.3
YFIUSDT,SELL,LIMIT,1701254359225,0.085,8170.7
YFIUSDT,SELL,LIMIT,1701254411944,0.593,8154.9
YFIUSDT,SELL,LIMIT,1701254418478,0.006,8149.4
YFIUSDT,SELL,LIMIT,1701254690793,0.041,8146.0
YFIUSDT,BUY,LIMIT,1701261355472,0.012,8486.1
YFIUSDT,SELL,LIMIT,1701268454072,0.016,8135.8
YFIUSDT,SELL,LIMIT,1701268841826,0.055,8137.9
YFIUSDT,SELL,LIMIT,1701269144686,0.800,8108.1
YFIUSDT,SELL,LIMIT,1701269294150,0.005,8108.7
YFIUSDT,SELL,LIMIT,1701270453063,0.005,8125.4
YFIUSDT,SELL,LIMIT,1701270587246,0.200,8119.3
YFIUSDT,SELL,LIMIT,1701271253753,0.018,8080.9
YFIUSDT,SELL,LIMIT,1701275609264,0.601,8082.0
YFIUSDT,SELL,LIMIT,1701275823894,0.001,8080.6
YFIUSDT,BUY,LIMIT,1701280047788,0.158,8413.3
YFIUSDT,SELL,LIMIT,1701284959210,0.010,8212.7
YFIUSDT,SELL,LIMIT,1701285483340,0.021,8199.6
YFIUSDT,SELL,LIMIT,1701286607180,0.024,8165.9
YFIUSDT,BUY,LIMIT,1701304545647,0.008,8482.8
YFIUSDT,SELL,LIMIT,1701310986849,0.589,8139.0
YFIUSDT,BUY,LIMIT,1701316052479,0.250,8461.0
YFIUSDT,SELL,LIMIT,1701320984288,0.116,8131.6
YFIUSDT,SELL,LIMIT,1701320999856,0.014,8130.1
YFIUSDT,SELL,LIMIT,1701321106027,0.012,8128.4
YFIUSDT,SELL,LIMIT,1701321723888,0.001,8107.6
YFIUSDT,SELL,LIMIT,1701321744286,0.025,8101.4
YFIUSDT,SELL,LIMIT,1701330938400,0.003,8112.1
YFIUSDT,SELL,LIMIT,1701338577153,0.170,8111.5
YFIUSDT,BUY,LIMIT,1701342953201,0.002,8420.4
YFIUSDT,SELL,LIMIT,1701351467261,0.015,8147.5
YFIUSDT,SELL,LIMIT,1701352957765,0.604,8107.4
YFIUSDT,SELL,LIMIT,1701353010178,0.013,8103.2
YFIUSDT,SELL,LIMIT,1701353016233,0.008,8094.6
YFIUSDT,BUY,LIMIT,1701357162006,0.031,8375.6
YFIUSDT,BUY,LIMIT,1701357384570,0.046,8392.4
YFIUSDT,SELL,LIMIT,1701360311832,0.009,8104.9
YFIUSDT,BUY,LIMIT,1701394246121,0.093,8460.1
YFIUSDT,SELL,LIMIT,1701404893470,0.005,8219.4
YFIUSDT,BUY,LIMIT,1701405515309,0.001,8473.2
YFIUSDT,SELL,LIMIT,1701411381428,0.010,8165.7
YFIUSDT,BUY,LIMIT,1701421893518,0.187,8456.8
YFIUSDT,BUY,LIMIT,1701422225214,0.002,8483.4
YFIUSDT,SELL,LIMIT,1701435037606,0.155,8182.4
YFIUSDT,SELL,LIMIT,1701439827068,0.003,8172.3
YFIUSDT,SELL,LIMIT,1701441570278,0.012,8252.7
YFIUSDT,SELL,LIMIT,1701442221436,0.012,8170.5
YFIUSDT,SELL,LIMIT,1701442370672,0.001,8165.1
YFIUSDT,BUY,LIMIT,1701442956875,0.001,8456.7
YFIUSDT,SELL,LIMIT,1701447394996,0.041,8206.2
YFIUSDT,SELL,LIMIT,1701447535666,0.108,8215.1
YFIUSDT,BUY,LIMIT,1701447589389,0.025,8475.2
YFIUSDT,BUY,LIMIT,1701447867910,0.025,8488.0
YFIUSDT,SELL,LIMIT,1701447911841,0.026,8252.3
YFIUSDT,SELL,LIMIT,1701448437365,0.003,8246.4
YFIUSDT,BUY,LIMIT,1701448533570,0.004,8507.4
YFIUSDT,SELL,LIMIT,1701452015580,0.207,8204.1
YFIUSDT,SELL,LIMIT,1701452883668,0.085,8185.1
YFIUSDT,SELL,LIMIT,1701457551805,0.101,8223.4
YFIUSDT,BUY,LIMIT,1701467173243,0.150,8562.7
YFIUSDT,BUY,LIMIT,1701475727224,0.238,8617.3
YFIUSDT,BUY,LIMIT,1701481951500,0.265,8659.2
YFIUSDT,BUY,LIMIT,1701482352887,0.012,8671.5
YFIUSDT,BUY,LIMIT,1701486003199,0.368,8682.7
YFIUSDT,SELL,LIMIT,1701486006596,0.008,8426.2
YFIUSDT,BUY,LIMIT,1701486022187,0.003,8677.2
YFIUSDT,SELL,LIMIT,1701486025221,0.009,8418.8
YFIUSDT,BUY,LIMIT,1701486949487,0.044,8690.5
YFIUSDT,BUY,LIMIT,1701487338745,0.021,8708.5
YFIUSDT,BUY,LIMIT,1701488139407,0.590,8717.3
YFIUSDT,BUY,LIMIT,1701488412803,0.110,8723.3
YFIUSDT,BUY,LIMIT,1701488571680,0.424,8746.4
YFIUSDT,BUY,LIMIT,1701489186231,0.019,8771.1
YFIUSDT,BUY,LIMIT,1701489264765,0.005,8789.8
YFIUSDT,BUY,LIMIT,1701491555124,0.148,8823.0
YFIUSDT,BUY,LIMIT,1701492347115,0.008,8907.5
YFIUSDT,BUY,LIMIT,1701492367233,0.041,8923.3
YFIUSDT,BUY,LIMIT,1701492373508,0.439,8926.5
YFIUSDT,BUY,LIMIT,1701492509059,0.073,8974.7
YFIUSDT,BUY,LIMIT,1701492516021,0.006,8982.0
YFIUSDT,BUY,LIMIT,1701492520445,0.008,9010.9
YFIUSDT,BUY,LIMIT,1701492969406,0.032,8996.2
YFIUSDT,SELL,LIMIT,1701493336688,0.055,8649.3
YFIUSDT,BUY,LIMIT,1701493799156,0.005,8868.1
YFIUSDT,BUY,LIMIT,1701494893263,0.017,8911.1
YFIUSDT,SELL,LIMIT,1701496539411,0.001,8630.4
YFIUSDT,SELL,LIMIT,1701496551133,0.129,8627.8
YFIUSDT,SELL,LIMIT,1701497770122,0.045,8583.0
YFIUSDT,SELL,LIMIT,1701498966654,0.014,8549.3
YFIUSDT,BUY,LIMIT,1701507059429,0.005,8902.7
