Symbol,Side,Order Type,Time,Quantity,Price
YGGUSDT,SELL,LIMIT,1701920986566,287,0.3927474
YGGUSDT,SELL,LIMIT,1701931832330,263,0.3979027
YGGUSDT,BUY,LIMIT,1701934230706,2,0.4189920
YGGUSDT,SELL,LIMIT,1701936912855,1509,0.4029604
YGGUSDT,SELL,LIMIT,1701937911259,901,0.3992695
YGGUSDT,SELL,LIMIT,1701939124324,130,0.3976100
YGGUSDT,SELL,LIMIT,1701939132017,158,0.3967030
YGGUSDT,SELL,LIMIT,1701939135447,411,0.3966556
YGGUSDT,SELL,LIMIT,1701939355274,1843,0.3957289
YGGUSDT,SELL,LIMIT,1701939364215,1338,0.3953139
YGGUSDT,SELL,LIMIT,1701940561843,798,0.3917924
YGGUSDT,SELL,LIMIT,1701940568311,193,0.3909879
YGGUSDT,SELL,LIMIT,1701940576914,43,0.3908174
YGGUSDT,SELL,LIMIT,1701940579165,92,0.3905130
YGGUSDT,SELL,LIMIT,1701940674406,729,0.3902153
YGGUSDT,SELL,LIMIT,1701941012288,117,0.3910630
YGGUSDT,SELL,LIMIT,1701941067272,507,0.3899914
YGGUSDT,SELL,LIMIT,1701941075185,55,0.3914669
YGGUSDT,SELL,LIMIT,1701941110067,33,0.3894466
YGGUSDT,SELL,LIMIT,1701941111205,104,0.3891095
YGGUSDT,SELL,LIMIT,1701941112457,4468,0.3885585
YGGUSDT,SELL,LIMIT,1701941149967,245,0.3877946
YGGUSDT,SELL,LIMIT,1701941154380,669,0.3873376
YGGUSDT,SELL,LIMIT,1701941160332,9102,0.3870543
YGGUSDT,SELL,LIMIT,1701941161488,55,0.3871051
YGGUSDT,SELL,LIMIT,1701941162671,1981,0.3870575
YGGUSDT,SELL,LIMIT,1701941175144,107,0.3864055
YGGUSDT,SELL,LIMIT,1701941181165,11520,0.3859906
YGGUSDT,SELL,LIMIT,1701941182224,500,0.3857261
YGGUSDT,SELL,LIMIT,1701941188321,1883,0.3862924
YGGUSDT,SELL,LIMIT,1701941192071,1324,0.3855525
YGGUSDT,SELL,LIMIT,1701941234348,911,0.3856276
YGGUSDT,SELL,LIMIT,1701941246453,1820,0.3850352
YGGUSDT,BUY,LIMIT,1701941562633,1242,0.4028104
YGGUSDT,SELL,LIMIT,1701942767251,4704,0.3967774
YGGUSDT,SELL,LIMIT,1701946343531,1011,0.3937617
YGGUSDT,BUY,LIMIT,1701949938154,1853,0.4082115
YGGUSDT,BUY,LIMIT,1701951326973,150,0.4190300
YGGUSDT,BUY,LIMIT,1701952370156,14,0.4204418
YGGUSDT,BUY,LIMIT,1701953976590,1,0.4164080
YGGUSDT,SELL,LIMIT,1701954415691,158,0.4012674
YGGUSDT,SELL,LIMIT,1701954849760,12126,0.4008530
YGGUSDT,SELL,LIMIT,1701957060735,2468,0.3951460
YGGUSDT,SELL,LIMIT,1701961120459,371,0.3973491
YGGUSDT,SELL,LIMIT,1701964903493,978,0.3982197
YGGUSDT,BUY,LIMIT,1701965658566,369,0.4154107
YGGUSDT,BUY,LIMIT,1701966112255,381,0.4178345
YGGUSDT,SELL,LIMIT,1701967652698,306,0.4064350
YGGUSDT,BUY,LIMIT,1701969323304,812,0.4181125
YGGUSDT,SELL,LIMIT,1701972217864,2412,0.4062930
YGGUSDT,SELL,LIMIT,1701972351353,7239,0.4051307
YGGUSDT,SELL,LIMIT,1701973984017,362,0.4057310
YGGUSDT,SELL,LIMIT,1701974023690,242,0.4049208
YGGUSDT,SELL,LIMIT,1701974029651,2421,0.4048157
YGGUSDT,SELL,LIMIT,1701974031464,1542,0.4047453
YGGUSDT,SELL,LIMIT,1701974232458,1938,0.4044307
YGGUSDT,SELL,LIMIT,1701974760519,918,0.4015881
YGGUSDT,SELL,LIMIT,1701976451060,277,0.4022235
YGGUSDT,SELL,LIMIT,1701977166114,1631,0.3994020
YGGUSDT,SELL,LIMIT,1701977169282,4889,0.3988059
YGGUSDT,SELL,LIMIT,1701977308680,309,0.3981214
YGGUSDT,SELL,LIMIT,1701981628679,450,0.3962833
YGGUSDT,SELL,LIMIT,1701987111418,384,0.3988825
YGGUSDT,SELL,LIMIT,1701988424213,1040,0.3932008
YGGUSDT,SELL,LIMIT,1701988425357,499,0.3931013
YGGUSDT,SELL,LIMIT,1701988468760,298,0.3931367
YGGUSDT,SELL,LIMIT,1701988556284,1000,0.3926211
YGGUSDT,SELL,LIMIT,1701997407686,314,0.3933650
YGGUSDT,SELL,LIMIT,1701997551036,2411,0.3916170
YGGUSDT,SELL,LIMIT,1701997670146,22,0.3913324
YGGUSDT,SELL,LIMIT,1701997736202,294,0.3902571
YGGUSDT,SELL,LIMIT,1701997749313,204,0.3901158
YGGUSDT,SELL,LIMIT,1701997751171,176,0.3898686
YGGUSDT,SELL,LIMIT,1701997760332,1026,0.3895136
YGGUSDT,SELL,LIMIT,1702001461925,223,0.3897400
YGGUSDT,SELL,LIMIT,1702002098094,2474,0.3878618
YGGUSDT,SELL,LIMIT,1702002109011,7971,0.3872916
YGGUSDT,SELL,LIMIT,1702002871385,4668,0.3899282
YGGUSDT,SELL,LIMIT,1702003654164,51,0.3875976
YGGUSDT,SELL,LIMIT,1702003698295,3579,0.3859589
YGGUSDT,SELL,LIMIT,1702003708458,9309,0.3859681
YGGUSDT,SELL,LIMIT,1702003792406,3414,0.3854994
YGGUSDT,SELL,LIMIT,1702010355897,112,0.3922922
YGGUSDT,SELL,LIMIT,1702012044058,682,0.3910111
YGGUSDT,BUY,LIMIT,1702016116307,947,0.4094273
YGGUSDT,SELL,LIMIT,1702023011366,2849,0.3917346
YGGUSDT,SELL,LIMIT,1702025781680,5010,0.3912960
YGGUSDT,SELL,LIMIT,1702029278749,1496,0.3898130
YGGUSDT,SELL,LIMIT,1702031808872,215,0.3888455
YGGUSDT,SELL,LIMIT,1702032038091,128,0.3882768
YGGUSDT,SELL,LIMIT,1702037074754,13,0.3932121
YGGUSDT,BUY,LIMIT,1702038535558,5459,0.4099596
YGGUSDT,SELL,LIMIT,1702040478579,2287,0.3965865
YGGUSDT,SELL,LIMIT,1702040789481,502,0.3946421
YGGUSDT,SELL,LIMIT,1702044449220,11451,0.3930311
YGGUSDT,SELL,LIMIT,1702048541891,2148,0.3985255
YGGUSDT,SELL,LIMIT,1702055687042,429,0.3954140
YGGUSDT,SELL,LIMIT,1702057385508,242,0.3968566
YGGUSDT,SELL,LIMIT,1702069679595,1049,0.3995297
YGGUSDT,SELL,LIMIT,1702070449535,1,0.3991221
YGGUSDT,BUY,LIMIT,1702077988212,120,0.4140314
YGGUSDT,BUY,LIMIT,1702078622413,554,0.4152172
YGGUSDT,BUY,LIMIT,1702079557822,813,0.4160579
YGGUSDT,BUY,LIMIT,1702080399163,12645,0.4184408
YGGUSDT,BUY,LIMIT,1702080420734,431,0.4186102
YGGUSDT,BUY,LIMIT,1702081585139,13,0.4171303
YGGUSDT,SELL,LIMIT,1702083755739,351,0.4051063
YGGUSDT,SELL,LIMIT,1702083991306,1902,0.4018980
YGGUSDT,SELL,LIMIT,1702083997407,415,0.4013903
YGGUSDT,SELL,LIMIT,1702084102762,288,0.3985583
YGGUSDT,SELL,LIMIT,1702084212009,2493,0.3981371
YGGUSDT,SELL,LIMIT,1702087188169,357,0.4006060
YGGUSDT,SELL,LIMIT,1702087269219,12233,0.4003396
YGGUSDT,BUY,LIMIT,1702098235942,2694,0.4231990
YGGUSDT,BUY,LIMIT,1702098936244,500,0.4246617
YGGUSDT,SELL,LIMIT,1702101870428,240,0.4081469
YGGUSDT,SELL,LIMIT,1702102227937,690,0.4073218
YGGUSDT,BUY,LIMIT,1702107142277,1371,0.4202100
YGGUSDT,BUY,LIMIT,1702107874211,362,0.4224011
YGGUSDT,BUY,LIMIT,1702108045960,34,0.4248790
YGGUSDT,BUY,LIMIT,1702110086004,66,0.4239418
YGGUSDT,SELL,LIMIT,1702110349182,222,0.4117572
YGGUSDT,SELL,LIMIT,1702110628371,1174,0.4091590
YGGUSDT,SELL,LIMIT,1702110633433,3375,0.4088361
YGGUSDT,SELL,LIMIT,1702110881727,12074,0.4059079
YGGUSDT,SELL,LIMIT,1702110908263,82,0.4055424
YGGUSDT,SELL,LIMIT,1702110980837,1888,0.4037119
YGGUSDT,SELL,LIMIT,1702111032956,125,0.4007424
YGGUSDT,SELL,LIMIT,1702111037554,1645,0.3998450
YGGUSDT,SELL,LIMIT,1702111043477,2462,0.3984388
YGGUSDT,SELL,LIMIT,1702111045465,320,0.3982142
YGGUSDT,SELL,LIMIT,1702111046675,9151,0.3980103
YGGUSDT,SELL,LIMIT,1702111071704,12379,0.3979853
YGGUSDT,SELL,LIMIT,1702111376017,1128,0.3971221
YGGUSDT,SELL,LIMIT,1702111377239,3371,0.3968639
YGGUSDT,SELL,LIMIT,1702111378304,1510,0.3966004
YGGUSDT,SELL,LIMIT,1702111379423,406,0.3967562
YGGUSDT,SELL,LIMIT,1702111380472,2975,0.3960589
YGGUSDT,SELL,LIMIT,1702111381531,24,0.4019759
YGGUSDT,SELL,LIMIT,1702111382690,47,0.3949338
YGGUSDT,SELL,LIMIT,1702111390246,32,0.3943238
YGGUSDT,BUY,LIMIT,1702113405079,1478,0.4206675
YGGUSDT,BUY,LIMIT,1702113753109,3010,0.4233431
YGGUSDT,SELL,LIMIT,1702115803175,1813,0.4103661
YGGUSDT,SELL,LIMIT,1702125731769,756,0.4076265
YGGUSDT,SELL,LIMIT,1702127575028,10394,0.4102138
YGGUSDT,SELL,LIMIT,1702127867248,144,0.4078846
YGGUSDT,SELL,LIMIT,1702132484974,120,0.4084668
YGGUSDT,SELL,LIMIT,1702132600066,59,0.4075852
YGGUSDT,SELL,LIMIT,1702132630620,104,0.4067282
YGGUSDT,SELL,LIMIT,1702132672027,5691,0.4064102
YGGUSDT,SELL,LIMIT,1702132714168,100,0.4053369
YGGUSDT,SELL,LIMIT,1702132822018,1344,0.4042116
YGGUSDT,SELL,LIMIT,1702133000580,303,0.4005996
YGGUSDT,SELL,LIMIT,1702133003521,1004,0.4004053
YGGUSDT,SELL,LIMIT,1702133007360,136,0.3990191
YGGUSDT,SELL,LIMIT,1702133008615,2140,0.3987941
