Symbol,Side,Order Type,Time,Quantity,Price
YGGUSDT,SELL,LIMIT,1701920986566,287,0.3927474
YGGUSDT,SELL,LIMIT,1701931832330,263,0.3979027
YGGUSDT,BUY,LIMIT,1701934230706,2,0.4189920
YGGUSDT,SELL,LIMIT,1701936912855,1509,0.4029604
YGGUSDT,SELL,LIMIT,1701937911259,901,0.3992695
YGGUSDT,SELL,LIMIT,1701939124324,130,0.3976100
YGGUSDT,SELL,LIMIT,1701939132017,158,0.3967030
YGGUSDT,SELL,LIMIT,1701939135447,411,0.3966556
YGGUSDT,SELL,LIMIT,1701939355274,1843,0.3957289
YGGUSDT,SELL,LIMIT,1701939364215,1338,0.3953139
YGGUSDT,SELL,LIMIT,1701940561843,798,0.3917924
YGGUSDT,SELL,LIMIT,1701940568311,193,0.3909879
YGGUSDT,SELL,LIMIT,1701940576914,43,0.3908174
YGGUSDT,SELL,LIMIT,1701940579165,92,0.3905130
YGGUSDT,SELL,LIMIT,1701940674406,729,0.3902153
YGGUSDT,SELL,LIMIT,1701941012288,117,0.3910630
YGGUSDT,SELL,LIMIT,1701941067272,507,0.3899914
YGGUSDT,SELL,LIMIT,1701941075185,55,0.3914669
YGGUSDT,SELL,LIMIT,1701941110067,33,0.3894466
YGGUSDT,SELL,LIMIT,1701941111205,104,0.3891095
YGGUSDT,SELL,LIMIT,1701941112457,4468,0.3885585
YGGUSDT,SELL,LIMIT,1701941149967,245,0.3877946
YGGUSDT,SELL,LIMIT,1701941154380,669,0.3873376
YGGUSDT,SELL,LIMIT,1701941160332,9102,0.3870543
YGGUSDT,SELL,LIMIT,1701941161488,55,0.3871051
YGGUSDT,SELL,LIMIT,1701941162671,1981,0.3870575
YGGUSDT,SELL,LIMIT,1701941175144,107,0.3864055
YGGUSDT,SELL,LIMIT,1701941181165,11520,0.3859906
YGGUSDT,SELL,LIMIT,1701941182224,500,0.3857261
YGGUSDT,SELL,LIMIT,1701941188321,1883,0.3862924
YGGUSDT,SELL,LIMIT,1701941192071,1324,0.3855525
YGGUSDT,SELL,LIMIT,1701941234348,911,0.3856276
YGGUSDT,SELL,LIMIT,1701941246453,1820,0.3850352
YGGUSDT,BUY,LIMIT,1701941562633,1242,0.4028104
YGGUSDT,SELL,LIMIT,1701942767251,4704,0.3967774
YGGUSDT,SELL,LIMIT,1701946343531,1011,0.3937617
YGGUSDT,BUY,LIMIT,1701949938154,1853,0.4082115
YGGUSDT,BUY,LIMIT,1701951326973,150,0.4190300
YGGUSDT,BUY,LIMIT,1701952370156,14,0.4204418
YGGUSDT,BUY,LIMIT,1701953976590,1,0.4164080
YGGUSDT,SELL,LIMIT,1701954415691,158,0.4012674
YGGUSDT,SELL,LIMIT,1701954849760,12126,0.4008530
YGGUSDT,SELL,LIMIT,1701957060735,2468,0.3951460
YGGUSDT,SELL,LIMIT,1701961120459,371,0.3973491
YGGUSDT,SELL,LIMIT,1701964903493,978,0.3982197
YGGUSDT,BUY,LIMIT,1701965658566,369,0.4154107
YGGUSDT,BUY,LIMIT,1701966112255,381,0.4178345
YGGUSDT,SELL,LIMIT,1701967652698,306,0.4064350
YGGUSDT,BUY,LIMIT,1701969323304,812,0.4181125
YGGUSDT,SELL,LIMIT,1701972217864,2412,0.4062930
YGGUSDT,SELL,LIMIT,1701972351353,7239,0.4051307
YGGUSDT,SELL,LIMIT,1701973984017,362,0.4057310
YGGUSDT,SELL,LIMIT,1701974023690,242,0.4049208
YGGUSDT,SELL,LIMIT,1701974029651,2421,0.4048157
YGGUSDT,SELL,LIMIT,1701974031464,1542,0.4047453
YGGUSDT,SELL,LIMIT,1701974232458,1938,0.4044307
YGGUSDT,SELL,LIMIT,1701974760519,918,0.4015881
YGGUSDT,SELL,LIMIT,1701976451060,277,0.4022235
YGGUSDT,SELL,LIMIT,1701977166114,1631,0.3994020
YGGUSDT,SELL,LIMIT,1701977169282,4889,0.3988059
YGGUSDT,SELL,LIMIT,1701977308680,309,0.3981214
YGGUSDT,SELL,LIMIT,1701981628679,450,0.3962833
YGGUSDT,SELL,LIMIT,1701987111418,384,0.3988825
YGGUSDT,SELL,LIMIT,1701988424213,1040,0.3932008
YGGUSDT,SELL,LIMIT,1701988425357,499,0.3931013
YGGUSDT,SELL,LIMIT,1701988468760,298,0.3931367
YGGUSDT,SELL,LIMIT,1701988556284,1000,0.3926211
YGGUSDT,SELL,LIMIT,1701997407686,314,0.3933650
YGGUSDT,SELL,LIMIT,1701997551036,2411,0.3916170
YGGUSDT,SELL,LIMIT,1701997670146,22,0.3913324
YGGUSDT,SELL,LIMIT,1701997736202,294,0.3902571
YGGUSDT,SELL,LIMIT,1701997749313,204,0.3901158
YGGUSDT,SELL,LIMIT,1701997751171,176,0.3898686
YGGUSDT,SELL,LIMIT,1701997760332,1026,0.3895136
YGGUSDT,SELL,LIMIT,1702001461925,223,0.3897400
YGGUSDT,SELL,LIMIT,1702002098094,2474,0.3878618
YGGUSDT,SELL,LIMIT,1702002109011,7971,0.3872916
YGGUSDT,SELL,LIMIT,1702002871385,4668,0.3899282
YGGUSDT,SELL,LIMIT,1702003654164,51,0.3875976
YGGUSDT,SELL,LIMIT,1702003698295,3579,0.3859589
YGGUSDT,SELL,LIMIT,1702003708458,9309,0.3859681
YGGUSDT,SELL,LIMIT,1702003792406,3414,0.3854994
YGGUSDT,SELL,LIMIT,1702010355897,112,0.3922922
YGGUSDT,SELL,LIMIT,1702012044058,682,0.3910111
YGGUSDT,BUY,LIMIT,1702016116307,947,0.4094273
YGGUSDT,SELL,LIMIT,1702023011366,2849,0.3917346
YGGUSDT,SELL,LIMIT,1702025781680,5010,0.3912960
YGGUSDT,SELL,LIMIT,1702029278749,1496,0.3898130
YGGUSDT,SELL,LIMIT,1702031808872,215,0.3888455
YGGUSDT,SELL,LIMIT,1702032038091,128,0.3882768
YGGUSDT,SELL,LIMIT,1702037074754,13,0.3932121
YGGUSDT,BUY,LIMIT,1702038535558,5459,0.4099596
YGGUSDT,SELL,LIMIT,1702040478579,2287,0.3965865
YGGUSDT,SELL,LIMIT,1702040789481,502,0.3946421
YGGUSDT,SELL,LIMIT,1702044449220,11451,0.3930311
YGGUSDT,SELL,LIMIT,1702048541891,2148,0.3985255
YGGUSDT,SELL,LIMIT,1702055687042,429,0.3954140
YGGUSDT,SELL,LIMIT,1702057385508,242,0.3968566
YGGUSDT,SELL,LIMIT,1702069679595,1049,0.3995297
YGGUSDT,SELL,LIMIT,1702070449535,1,0.3991221
YGGUSDT,BUY,LIMIT,1702077988212,120,0.4140314
YGGUSDT,BUY,LIMIT,1702078622413,554,0.4152172
YGGUSDT,BUY,LIMIT,1702079557822,813,0.4160579
YGGUSDT,BUY,LIMIT,1702080399163,12645,0.4184408
YGGUSDT,BUY,LIMIT,1702080420734,431,0.4186102
YGGUSDT,BUY,LIMIT,1702081585139,13,0.4171303
YGGUSDT,SELL,LIMIT,1702083755739,351,0.4051063
YGGUSDT,SELL,LIMIT,1702083991306,1902,0.4018980
YGGUSDT,SELL,LIMIT,1702083997407,415,0.4013903
YGGUSDT,SELL,LIMIT,1702084102762,288,0.3985583
YGGUSDT,SELL,LIMIT,1702084212009,2493,0.3981371
YGGUSDT,SELL,LIMIT,1702087188169,357,0.4006060
YGGUSDT,SELL,LIMIT,1702087269219,12233,0.4003396
YGGUSDT,BUY,LIMIT,1702098235942,2694,0.4231990
YGGUSDT,BUY,LIMIT,1702098936244,500,0.4246617
YGGUSDT,SELL,LIMIT,1702101870428,240,0.4081469
YGGUSDT,SELL,LIMIT,1702102227937,690,0.4073218
YGGUSDT,BUY,LIMIT,1702107142277,1371,0.4202100
YGGUSDT,BUY,LIMIT,1702107874211,362,0.4224011
YGGUSDT,BUY,LIMIT,1702108045960,34,0.4248790
YGGUSDT,BUY,LIMIT,1702110086004,66,0.4239418
YGGUSDT,SELL,LIMIT,1702110349182,222,0.4117572
YGGUSDT,SELL,LIMIT,1702110628371,1174,0.4091590
YGGUSDT,SELL,LIMIT,1702110633433,3375,0.4088361
YGGUSDT,SELL,LIMIT,1702110881727,12074,0.4059079
YGGUSDT,SELL,LIMIT,1702110908263,82,0.4055424
YGGUSDT,SELL,LIMIT,1702110980837,1888,0.4037119
YGGUSDT,SELL,LIMIT,1702111032956,125,0.4007424
YGGUSDT,SELL,LIMIT,1702111037554,1645,0.3998450
YGGUSDT,SELL,LIMIT,1702111043477,2462,0.3984388
YGGUSDT,SELL,LIMIT,1702111045465,320,0.3982142
YGGUSDT,SELL,LIMIT,1702111046675,9151,0.3980103
YGGUSDT,SELL,LIMIT,1702111071704,12379,0.3979853
YGGUSDT,SELL,LIMIT,1702111376017,1128,0.3971221
YGGUSDT,SELL,LIMIT,1702111377239,3371,0.3968639
YGGUSDT,SELL,LIMIT,1702111378304,1510,0.3966004
YGGUSDT,SELL,LIMIT,1702111379423,406,0.3967562
YGGUSDT,SELL,LIMIT,1702111380472,2975,0.3960589
YGGUSDT,SELL,LIMIT,1702111381531,24,0.4019759
YGGUSDT,SELL,LIMIT,1702111382690,47,0.3949338
YGGUSDT,SELL,LIMIT,1702111390246,32,0.3943238
YGGUSDT,BUY,LIMIT,1702113405079,1478,0.4206675
YGGUSDT,BUY,LIMIT,1702113753109,3010,0.4233431
YGGUSDT,SELL,LIMIT,1702115803175,1813,0.4103661
YGGUSDT,SELL,LIMIT,1702125731769,756,0.4076265
YGGUSDT,SELL,LIMIT,1702127575028,10394,0.4102138
YGGUSDT,SELL,LIMIT,1702127867248,144,0.4078846
YGGUSDT,SELL,LIMIT,1702132484974,120,0.4084668
YGGUSDT,SELL,LIMIT,1702132600066,59,0.4075852
YGGUSDT,SELL,LIMIT,1702132630620,104,0.4067282
YGGUSDT,SELL,LIMIT,1702132672027,5691,0.4064102
YGGUSDT,SELL,LIMIT,1702132714168,100,0.4053369
YGGUSDT,SELL,LIMIT,1702132822018,1344,0.4042116
YGGUSDT,SELL,LIMIT,1702133000580,303,0.4005996
YGGUSDT,SELL,LIMIT,1702133003521,1004,0.4004053
YGGUSDT,SELL,LIMIT,1702133007360,136,0.3990191
YGGUSDT,SELL,LIMIT,1702133008615,2140,0.3987941
YGGUSDT,SELL,LIMIT,1702134831079,1073,0.3976453
YGGUSDT,SELL,LIMIT,1702135739692,246,0.3971818
YGGUSDT,BUY,LIMIT,1702137337296,146,0.4144412
YGGUSDT,SELL,LIMIT,1702139118538,1700,0.3965272
YGGUSDT,SELL,LIMIT,1702139124037,2877,0.3962568
YGGUSDT,SELL,LIMIT,1702139125690,558,0.3957980
YGGUSDT,SELL,LIMIT,1702139127429,24039,0.3934898
YGGUSDT,SELL,LIMIT,1702139133366,5614,0.3950297
YGGUSDT,SELL,LIMIT,1702139248312,763,0.3948717
YGGUSDT,SELL,LIMIT,1702139272264,380,0.3945481
YGGUSDT,SELL,LIMIT,1702139283357,12559,0.3942183
YGGUSDT,SELL,LIMIT,1702139284860,176,0.3941146
YGGUSDT,SELL,LIMIT,1702139287367,3902,0.3936644
YGGUSDT,SELL,LIMIT,1702139288604,1078,0.3928821
YGGUSDT,SELL,LIMIT,1702139292079,595,0.3930168
YGGUSDT,SELL,LIMIT,1702140789992,512,0.3948304
YGGUSDT,SELL,LIMIT,1702141563688,2272,0.3921327
YGGUSDT,SELL,LIMIT,1702141632218,241,0.3922271
YGGUSDT,SELL,LIMIT,1702141640307,157,0.3919802
YGGUSDT,SELL,LIMIT,1702141697953,10842,0.3913677
YGGUSDT,SELL,LIMIT,1702141701616,4000,0.3909861
YGGUSDT,SELL,LIMIT,1702141703440,208,0.3909774
YGGUSDT,SELL,LIMIT,1702141837235,498,0.3898040
YGGUSDT,SELL,LIMIT,1702141839266,5583,0.3897237
YGGUSDT,SELL,LIMIT,1702141841763,5371,0.3897594
YGGUSDT,SELL,LIMIT,1702141846015,1683,0.3893706
YGGUSDT,SELL,LIMIT,1702141848308,179,0.3891910
YGGUSDT,SELL,LIMIT,1702141849375,138,0.3890866
YGGUSDT,SELL,LIMIT,1702141851010,1000,0.3890390
YGGUSDT,SELL,LIMIT,1702141852835,119,0.3891088
YGGUSDT,SELL,LIMIT,1702141854120,3155,0.3878365
YGGUSDT,SELL,LIMIT,1702141859687,970,0.3875407
YGGUSDT,SELL,LIMIT,1702144777370,3636,0.3877946
YGGUSDT,SELL,LIMIT,1702144792133,127,0.3871270
YGGUSDT,SELL,LIMIT,1702144793476,4914,0.3867314
YGGUSDT,SELL,LIMIT,1702144805141,2486,0.3863864
YGGUSDT,SELL,LIMIT,1702144806702,2461,0.3861455
YGGUSDT,SELL,LIMIT,1702144809266,4914,0.3858439
YGGUSDT,SELL,LIMIT,1702151547364,2859,0.3891237
YGGUSDT,SELL,LIMIT,1702152878856,6798,0.3875433
YGGUSDT,SELL,LIMIT,1702152927165,37,0.3871849
YGGUSDT,SELL,LIMIT,1702153013128,1499,0.3866810
YGGUSDT,SELL,LIMIT,1702153649371,978,0.3878330
YGGUSDT,SELL,LIMIT,1702153701438,122,0.3869879
YGGUSDT,SELL,LIMIT,1702153710256,152,0.3869081
YGGUSDT,SELL,LIMIT,1702153868370,2192,0.3855505
YGGUSDT,SELL,LIMIT,1702153870459,29,0.3849489
YGGUSDT,SELL,LIMIT,1702153876844,367,0.3845441
YGGUSDT,SELL,LIMIT,1702153884860,383,0.3845043
YGGUSDT,SELL,LIMIT,1702153913398,424,0.3846365
YGGUSDT,BUY,LIMIT,1702154237462,9590,0.3985797
YGGUSDT,SELL,LIMIT,1702156339842,975,0.3844078
YGGUSDT,SELL,LIMIT,1702156347097,34,0.3835107
YGGUSDT,SELL,LIMIT,1702156348190,1241,0.3834561
YGGUSDT,SELL,LIMIT,1702156358760,30,0.3821801
YGGUSDT,SELL,LIMIT,1702156360407,2793,0.3821500
YGGUSDT,SELL,LIMIT,1702156362238,1512,0.3818315
YGGUSDT,SELL,LIMIT,1702162644115,8689,0.3822458
YGGUSDT,SELL,LIMIT,1702164210762,67,0.3816222
YGGUSDT,SELL,LIMIT,1702164211792,254,0.3813724
YGGUSDT,SELL,LIMIT,1702164213000,116,0.3807232
YGGUSDT,SELL,LIMIT,1702164215237,1644,0.3805629
YGGUSDT,SELL,LIMIT,1702164216497,2693,0.3802342
YGGUSDT,SELL,LIMIT,1702164243962,123,0.3800454
YGGUSDT,SELL,LIMIT,1702164504260,928,0.3804778
YGGUSDT,SELL,LIMIT,1702164510463,136,0.3808410
YGGUSDT,SELL,LIMIT,1702164530288,87,0.3801116
YGGUSDT,SELL,LIMIT,1702164534257,1186,0.3799146
YGGUSDT,SELL,LIMIT,1702164539666,11903,0.3797176
YGGUSDT,SELL,LIMIT,1702164542199,1318,0.3795987
YGGUSDT,SELL,LIMIT,1702164543568,11780,0.3793236
YGGUSDT,SELL,LIMIT,1702164545782,387,0.3791382
YGGUSDT,SELL,LIMIT,1702164546877,265,0.3789653
YGGUSDT,SELL,LIMIT,1702164548086,758,0.3781653
YGGUSDT,SELL,LIMIT,1702164579504,329,0.3786341
YGGUSDT,SELL,LIMIT,1702164673298,3720,0.3783386
YGGUSDT,SELL,LIMIT,1702164676830,9177,0.3782858
YGGUSDT,SELL,LIMIT,1702164678735,118,0.3780894
YGGUSDT,SELL,LIMIT,1702164688194,2800,0.3777636
YGGUSDT,SELL,LIMIT,1702164689698,275,0.3775003
YGGUSDT,SELL,LIMIT,1702164691360,15339,0.3767482
YGGUSDT,SELL,LIMIT,1702164745462,5940,0.3768650
YGGUSDT,SELL,LIMIT,1702164746699,2461,0.3767272
YGGUSDT,SELL,LIMIT,1702164747724,30,0.3765444
YGGUSDT,SELL,LIMIT,1702164749089,139,0.3763779
YGGUSDT,SELL,LIMIT,1702164752246,385,0.3758194
YGGUSDT,SELL,LIMIT,1702164767283,621,0.3760731
YGGUSDT,SELL,LIMIT,1702164798225,43073,0.3737023
YGGUSDT,SELL,LIMIT,1702164800532,2529,0.3755853
YGGUSDT,SELL,LIMIT,1702164801730,535,0.3753836
YGGUSDT,SELL,LIMIT,1702164803010,73,0.3754821
YGGUSDT,SELL,LIMIT,1702164804413,29542,0.3729581
YGGUSDT,SELL,LIMIT,1702164805449,249,0.3752571
YGGUSDT,SELL,LIMIT,1702164806454,291,0.3745302
YGGUSDT,SELL,LIMIT,1702164807674,381,0.3742001
YGGUSDT,SELL,LIMIT,1702164809175,121,0.3728417
YGGUSDT,SELL,LIMIT,1702164810197,1405,0.3724785
YGGUSDT,SELL,LIMIT,1702164811249,119,0.3714806
YGGUSDT,SELL,LIMIT,1702164812337,191,0.3708681
YGGUSDT,SELL,LIMIT,1702164867446,108,0.3738029
YGGUSDT,BUY,LIMIT,1702166496397,2682,0.3904756
YGGUSDT,BUY,LIMIT,1702167766730,1723,0.3921131
YGGUSDT,BUY,LIMIT,1702169389373,205,0.3925316
YGGUSDT,SELL,LIMIT,1702174547309,54,0.3804199
YGGUSDT,BUY,LIMIT,1702175108680,44,0.3949523
YGGUSDT,SELL,LIMIT,1702184909364,44,0.3855186
YGGUSDT,SELL,LIMIT,1702189327129,293,0.3842745
YGGUSDT,SELL,LIMIT,1702189978448,123,0.3835297
YGGUSDT,SELL,LIMIT,1702192686187,37,0.3816167
YGGUSDT,SELL,LIMIT,1702192688502,40,0.3815613
YGGUSDT,SELL,LIMIT,1702192833454,617,0.3803801
YGGUSDT,SELL,LIMIT,1702192881768,4238,0.3796191
YGGUSDT,SELL,LIMIT,1702196620532,256,0.3811808
YGGUSDT,SELL,LIMIT,1702198896421,524,0.3780723
YGGUSDT,SELL,LIMIT,1702200246989,12301,0.3774722
YGGUSDT,SELL,LIMIT,1702200323564,3613,0.3774367
YGGUSDT,SELL,LIMIT,1702200526662,12982,0.3760211
YGGUSDT,SELL,LIMIT,1702200627513,512,0.3754821
YGGUSDT,SELL,LIMIT,1702200742933,26,0.3750581
YGGUSDT,SELL,LIMIT,1702200744852,21775,0.3728072
YGGUSDT,SELL,LIMIT,1702200760273,2940,0.3739833
YGGUSDT,SELL,LIMIT,1702200763693,2632,0.3739557
YGGUSDT,SELL,LIMIT,1702200931490,1144,0.3731489
YGGUSDT,SELL,LIMIT,1702200935492,3117,0.3725271
YGGUSDT,SELL,LIMIT,1702201477847,45,0.3732525
YGGUSDT,SELL,LIMIT,1702202082822,74,0.3723976
YGGUSDT,SELL,LIMIT,1702202272723,94,0.3721251
YGGUSDT,SELL,LIMIT,1702202275440,316,0.3721331
YGGUSDT,SELL,LIMIT,1702202291115,1000,0.3718376
YGGUSDT,SELL,LIMIT,1702202320743,2550,0.3712466
YGGUSDT,SELL,LIMIT,1702202323097,168,0.3709710
YGGUSDT,SELL,LIMIT,1702202325267,844,0.3710496
YGGUSDT,SELL,LIMIT,1702202350041,26,0.3710460
YGGUSDT,SELL,LIMIT,1702202351476,1168,0.3708592
YGGUSDT,SELL,LIMIT,1702202364449,763,0.3706611
YGGUSDT,SELL,LIMIT,1702202372234,2436,0.3701710
YGGUSDT,SELL,LIMIT,1702202373650,661,0.3701218
YGGUSDT,SELL,LIMIT,1702202381176,1157,0.3700361
YGGUSDT,SELL,LIMIT,1702202382271,26,0.3699977
YGGUSDT,SELL,LIMIT,1702202384953,523,0.3697629
YGGUSDT,SELL,LIMIT,1702202389096,407,0.3696364
YGGUSDT,BUY,LIMIT,1702210190204,12265,0.3902943
YGGUSDT,BUY,LIMIT,1702213049398,3952,0.3903035
YGGUSDT,SELL,LIMIT,1702214221390,121,0.3763948
YGGUSDT,SELL,LIMIT,1702218880890,272,0.3749458
YGGUSDT,BUY,LIMIT,1702219659119,266,0.3892450
YGGUSDT,BUY,LIMIT,1702222899864,5216,0.3909913
YGGUSDT,BUY,LIMIT,1702224232438,1385,0.3915870
YGGUSDT,SELL,LIMIT,1702225719975,20,0.3784554
YGGUSDT,BUY,LIMIT,1702228308725,130,0.3945219
YGGUSDT,BUY,LIMIT,1702231432023,194,0.3942270
YGGUSDT,BUY,LIMIT,1702239863515,567,0.3996033
YGGUSDT,BUY,LIMIT,1702239864720,255,0.3997570
YGGUSDT,BUY,LIMIT,1702240614316,1048,0.3998903
YGGUSDT,BUY,LIMIT,1702241365446,175,0.4007376
YGGUSDT,SELL,LIMIT,1702243201145,89,0.3873984
YGGUSDT,BUY,LIMIT,1702244589912,58,0.4003576
YGGUSDT,SELL,LIMIT,1702245682268,6191,0.3858757
YGGUSDT,BUY,LIMIT,1702247060087,2979,0.4016139
YGGUSDT,BUY,LIMIT,1702249282769,62,0.4020048
YGGUSDT,SELL,LIMIT,1702250300711,2761,0.3850732
YGGUSDT,SELL,LIMIT,1702252164264,29,0.3920917
YGGUSDT,SELL,LIMIT,1702255337600,240,0.3859755
YGGUSDT,SELL,LIMIT,1702255598745,5512,0.3839972
YGGUSDT,SELL,LIMIT,1702256504476,144,0.3817864
YGGUSDT,SELL,LIMIT,1702256582690,785,0.3813438
YGGUSDT,SELL,LIMIT,1702256585133,3032,0.3811951
YGGUSDT,SELL,LIMIT,1702256724030,106,0.3801885
YGGUSDT,SELL,LIMIT,1702256888341,266,0.3793958
YGGUSDT,SELL,LIMIT,1702256913215,30894,0.3764686
YGGUSDT,SELL,LIMIT,1702256914602,42,0.3786460
YGGUSDT,SELL,LIMIT,1702256917023,194,0.3778400
YGGUSDT,SELL,LIMIT,1702256921533,2099,0.3772499
YGGUSDT,SELL,LIMIT,1702256978551,25,0.3778700
YGGUSDT,SELL,LIMIT,1702256997060,100,0.3771047
YGGUSDT,SELL,LIMIT,1702257009370,240,0.3766641
YGGUSDT,SELL,LIMIT,1702260436314,40,0.3961195
YGGUSDT,SELL,LIMIT,1702260442298,7260,0.3764671
YGGUSDT,SELL,LIMIT,1702260488986,1000,0.3775506
YGGUSDT,SELL,LIMIT,1702260624447,519,0.3768933
YGGUSDT,SELL,LIMIT,1702260630564,1313,0.3805128
YGGUSDT,SELL,LIMIT,1702260632144,1066,0.3762992
YGGUSDT,SELL,LIMIT,1702260635114,261,0.3748674
YGGUSDT,SELL,LIMIT,1702260690525,168,0.3736262
YGGUSDT,SELL,LIMIT,1702260694305,127,0.3734111
YGGUSDT,SELL,LIMIT,1702260695858,681,0.3733583
YGGUSDT,SELL,LIMIT,1702260697408,4926,0.3731752
YGGUSDT,SELL,LIMIT,1702260699261,6749,0.3730917
YGGUSDT,SELL,LIMIT,1702260707265,2601,0.3718789
YGGUSDT,SELL,LIMIT,1702260708331,936,0.3714169
YGGUSDT,SELL,LIMIT,1702260709506,315,0.3711588
YGGUSDT,SELL,LIMIT,1702260710602,52,0.3711588
YGGUSDT,SELL,LIMIT,1702260712756,406,0.3717159
YGGUSDT,SELL,LIMIT,1702260714187,76,0.3709413
YGGUSDT,SELL,LIMIT,1702260715447,3031,0.3709413
YGGUSDT,SELL,LIMIT,1702260717061,6436,0.3702823
YGGUSDT,SELL,LIMIT,1702260718511,55925,0.3661756
YGGUSDT,SELL,LIMIT,1702260719571,1076,0.3692141
YGGUSDT,SELL,LIMIT,1702260721037,113,0.3684887
YGGUSDT,SELL,LIMIT,1702260722124,379,0.3684162
YGGUSDT,SELL,LIMIT,1702260724448,664,0.3676966
YGGUSDT,SELL,LIMIT,1702260725522,116,0.3671774
YGGUSDT,SELL,LIMIT,1702260727459,128,0.3670119
YGGUSDT,SELL,LIMIT,1702260728826,1578,0.3663179
YGGUSDT,SELL,LIMIT,1702260729946,15033,0.3657848
YGGUSDT,SELL,LIMIT,1702260730964,12004,0.3650270
YGGUSDT,SELL,LIMIT,1702260732000,11438,0.3656046
YGGUSDT,SELL,LIMIT,1702260733309,1309,0.3643631
YGGUSDT,SELL,LIMIT,1702260734310,2532,0.3637084
YGGUSDT,SELL,LIMIT,1702260735325,237,0.3631159
YGGUSDT,SELL,LIMIT,1702260736390,440,0.3636377
YGGUSDT,SELL,LIMIT,1702260737372,4996,0.3586644
YGGUSDT,SELL,LIMIT,1702260738431,15000,0.3574093
YGGUSDT,SELL,LIMIT,1702260739442,382,0.3585603
YGGUSDT,SELL,LIMIT,1702260741487,12092,0.3563578
YGGUSDT,SELL,LIMIT,1702260742633,536,0.3562763
YGGUSDT,SELL,LIMIT,1702260743936,2421,0.3562763
YGGUSDT,SELL,LIMIT,1702260744942,2338,0.3562326
YGGUSDT,SELL,LIMIT,1702260746391,12186,0.3560962
YGGUSDT,SELL,LIMIT,1702260747702,256,0.3562297
YGGUSDT,SELL,LIMIT,1702260748779,5308,0.3547065
YGGUSDT,SELL,LIMIT,1702260749779,150,0.3535987
YGGUSDT,SELL,LIMIT,1702260751118,62330,0.3505209
YGGUSDT,SELL,LIMIT,1702260752418,2039,0.3519228
YGGUSDT,SELL,LIMIT,1702260753436,12,0.3508907
YGGUSDT,SELL,LIMIT,1702260754449,473,0.3509954
YGGUSDT,SELL,LIMIT,1702260755663,157,0.3509006
YGGUSDT,SELL,LIMIT,1702260757001,400,0.3509123
YGGUSDT,SELL,LIMIT,1702260758047,158,0.3506455
YGGUSDT,SELL,LIMIT,1702260759318,302,0.3495194
YGGUSDT,SELL,LIMIT,1702260760362,254,0.3492516
YGGUSDT,SELL,LIMIT,1702260761404,944,0.3482081
YGGUSDT,SELL,LIMIT,1702260762687,40,0.3483649
YGGUSDT,SELL,LIMIT,1702260763739,12478,0.3483649
YGGUSDT,SELL,LIMIT,1702260764828,1865,0.3477530
YGGUSDT,SELL,LIMIT,1702260766257,7580,0.3483198
YGGUSDT,SELL,LIMIT,1702260767514,12976,0.3463282
YGGUSDT,SELL,LIMIT,1702260768638,11,0.3463282
YGGUSDT,SELL,LIMIT,1702260769751,1295,0.3462467
YGGUSDT,SELL,LIMIT,1702260770876,3672,0.3461652
YGGUSDT,SELL,LIMIT,1702260771882,62,0.3470155
YGGUSDT,SELL,LIMIT,1702260773512,13,0.3459335
YGGUSDT,SELL,LIMIT,1702260774512,83,0.3462351
YGGUSDT,SELL,LIMIT,1702260775580,100,0.3458084
YGGUSDT,SELL,LIMIT,1702260776776,200,0.3442183
YGGUSDT,SELL,LIMIT,1702260778159,2000,0.3446069
YGGUSDT,SELL,LIMIT,1702260779301,5024,0.3446069
YGGUSDT,SELL,LIMIT,1702260780304,297,0.3419513
YGGUSDT,SELL,LIMIT,1702260781340,4960,0.3415928
YGGUSDT,SELL,LIMIT,1702260783523,10732,0.3415859
YGGUSDT,SELL,LIMIT,1702260784729,465,0.3416063
YGGUSDT,SELL,LIMIT,1702260785739,12230,0.3412225
YGGUSDT,SELL,LIMIT,1702260786801,120,0.3399931
YGGUSDT,SELL,LIMIT,1702260787867,2161,0.3396873
YGGUSDT,SELL,LIMIT,1702260788877,125,0.3386072
YGGUSDT,SELL,LIMIT,1702260789893,1470,0.3378625
YGGUSDT,SELL,LIMIT,1702260792395,8000,0.3376700
YGGUSDT,SELL,LIMIT,1702260793447,6058,0.3358529
YGGUSDT,SELL,LIMIT,1702260794460,1153,0.3357513
YGGUSDT,SELL,LIMIT,1702260795828,2406,0.3357309
YGGUSDT,SELL,LIMIT,1702260797242,2000,0.3355016
YGGUSDT,SELL,LIMIT,1702260798460,62,0.3385670
YGGUSDT,SELL,LIMIT,1702260799626,3120,0.3353836
YGGUSDT,SELL,LIMIT,1702260800726,762,0.3339197
YGGUSDT,SELL,LIMIT,1702260801769,501,0.3336561
YGGUSDT,SELL,LIMIT,1702260802789,3761,0.3336972
YGGUSDT,SELL,LIMIT,1702260803817,132,0.3328708
YGGUSDT,SELL,LIMIT,1702260805013,397,0.3313932
YGGUSDT,SELL,LIMIT,1702260806116,6653,0.3297121
YGGUSDT,SELL,LIMIT,1702260807165,67,0.3279924
YGGUSDT,SELL,LIMIT,1702260808172,2000,0.3238306
YGGUSDT,SELL,LIMIT,1702260809178,5864,0.3206385
YGGUSDT,SELL,LIMIT,1702260810214,336,0.3186785
YGGUSDT,SELL,LIMIT,1702260811221,11314,0.3143145
YGGUSDT,SELL,LIMIT,1702260812225,485,0.3105208
YGGUSDT,SELL,LIMIT,1702260813227,42,0.3115964
YGGUSDT,SELL,LIMIT,1702260814259,5056,0.3079018
YGGUSDT,SELL,LIMIT,1702260815282,634,0.3094071
YGGUSDT,SELL,LIMIT,1702260816289,3000,0.3033322
YGGUSDT,SELL,LIMIT,1702260817294,17000,0.3016013
YGGUSDT,SELL,LIMIT,1702260818449,70,0.3024805
YGGUSDT,SELL,LIMIT,1702260819532,20809,0.3021179
YGGUSDT,SELL,LIMIT,1702260820693,682,0.3014739
YGGUSDT,SELL,LIMIT,1702260821816,25,0.3048279
YGGUSDT,SELL,LIMIT,1702260832195,2652,0.3141534
YGGUSDT,SELL,LIMIT,1702260856058,10,0.3250641
YGGUSDT,BUY,LIMIT,1702260871885,18,0.3385741
YGGUSDT,SELL,LIMIT,1702260979183,144,0.3380834
YGGUSDT,SELL,LIMIT,1702261543211,824,0.3404450
YGGUSDT,SELL,LIMIT,1702262608960,60,0.3362180
YGGUSDT,SELL,LIMIT,1702262988045,957,0.3370698
YGGUSDT,SELL,LIMIT,1702266307573,1074,0.3532664
