Symbol,Side,Order Type,Time,Quantity,Price
ZECUSDT,SELL,LIMIT,1701068169858,50.248,28.65
ZECUSDT,SELL,LIMIT,1701069850850,3.538,28.46
ZECUSDT,SELL,LIMIT,1701070169559,1.556,28.37
ZECUSDT,SELL,LIMIT,1701070440575,0.822,28.39
ZECUSDT,SELL,LIMIT,1701077399082,2.195,28.71
ZECUSDT,SELL,LIMIT,1701093138121,4.774,28.27
ZECUSDT,SELL,LIMIT,1701095613681,6.462,28.18
ZECUSDT,SELL,LIMIT,1701095615948,0.274,28.18
ZECUSDT,SELL,LIMIT,1701097101370,4.722,28.09
ZECUSDT,SELL,LIMIT,1701107467296,7.507,28.28
ZECUSDT,SELL,LIMIT,1701111859142,2.394,28.37
ZECUSDT,SELL,LIMIT,1701114228447,34.631,28.11
ZECUSDT,SELL,LIMIT,1701114358087,0.364,28.04
ZECUSDT,SELL,LIMIT,1701114471540,2.006,28.01
ZECUSDT,SELL,LIMIT,1701114478636,1.001,27.98
ZECUSDT,SELL,LIMIT,1701114479759,583.432,27.97
ZECUSDT,SELL,LIMIT,1701114480905,648.346,27.96
ZECUSDT,SELL,LIMIT,1701146615991,48.193,28.00
ZECUSDT,SELL,LIMIT,1701147591822,3.593,27.94
ZECUSDT,SELL,LIMIT,1701147870195,0.502,27.88
ZECUSDT,SELL,LIMIT,1701147879202,1.324,27.87
ZECUSDT,SELL,LIMIT,1701148048502,3.842,27.82
ZECUSDT,SELL,LIMIT,1701148134197,5.694,27.78
ZECUSDT,SELL,LIMIT,1701149773677,34.542,27.77
ZECUSDT,BUY,LIMIT,1701152360133,3.196,28.75
ZECUSDT,BUY,LIMIT,1701155285499,9.645,28.88
ZECUSDT,BUY,LIMIT,1701163378101,8.304,28.77
ZECUSDT,BUY,LIMIT,1701164907656,17.655,28.88
ZECUSDT,SELL,LIMIT,1701185426240,0.386,28.16
ZECUSDT,SELL,LIMIT,1701185507245,13.000,28.12
ZECUSDT,BUY,LIMIT,1701186358067,17.439,29.23
ZECUSDT,BUY,LIMIT,1701188419170,0.848,29.75
ZECUSDT,BUY,LIMIT,1701200522120,34.340,29.69
ZECUSDT,SELL,LIMIT,1701211873038,3.945,28.54
ZECUSDT,SELL,LIMIT,1701211957545,28.458,28.45
ZECUSDT,BUY,LIMIT,1701239750340,0.574,29.53
ZECUSDT,BUY,LIMIT,1701240223575,21.482,29.55
ZECUSDT,BUY,LIMIT,1701243890952,1.746,29.50
ZECUSDT,SELL,LIMIT,1701245404000,0.419,28.72
ZECUSDT,BUY,LIMIT,1701247359926,1.815,29.64
ZECUSDT,SELL,LIMIT,1701252236195,16.736,28.65
ZECUSDT,SELL,LIMIT,1701253703358,68.516,28.62
ZECUSDT,BUY,LIMIT,1701263810000,0.365,29.57
ZECUSDT,BUY,LIMIT,1701264128976,17.253,29.69
ZECUSDT,SELL,LIMIT,1701270420342,1.867,28.54
ZECUSDT,SELL,LIMIT,1701270480576,0.689,30.38
ZECUSDT,SELL,LIMIT,1701270618238,0.342,28.37
ZECUSDT,SELL,LIMIT,1701270619798,89.218,28.36
ZECUSDT,SELL,LIMIT,1701270777255,45.047,28.34
ZECUSDT,SELL,LIMIT,1701270843205,1272.708,28.35
ZECUSDT,SELL,LIMIT,1701272421936,0.207,29.61
ZECUSDT,SELL,LIMIT,1701275843020,5.543,28.31
ZECUSDT,SELL,LIMIT,1701284490438,0.207,28.74
ZECUSDT,BUY,LIMIT,1701284835311,0.004,29.62
ZECUSDT,SELL,LIMIT,1701284836488,0.207,28.75
ZECUSDT,SELL,LIMIT,1701284927460,0.207,28.76
ZECUSDT,SELL,LIMIT,1701284957010,0.207,28.77
ZECUSDT,SELL,LIMIT,1701284958110,0.207,28.77
ZECUSDT,BUY,LIMIT,1701284959257,0.004,29.63
ZECUSDT,SELL,LIMIT,1701284960290,0.207,28.77
ZECUSDT,SELL,LIMIT,1701285433084,0.207,28.69
ZECUSDT,SELL,LIMIT,1701285446261,0.207,28.70
ZECUSDT,SELL,LIMIT,1701285652653,0.207,28.73
ZECUSDT,SELL,LIMIT,1701285843118,0.207,28.73
ZECUSDT,BUY,LIMIT,1701286335293,0.004,29.59
ZECUSDT,SELL,LIMIT,1701286364472,0.205,28.71
ZECUSDT,SELL,LIMIT,1701286385539,0.207,28.71
ZECUSDT,SELL,LIMIT,1701286571042,0.205,28.68
ZECUSDT,BUY,LIMIT,1701286601426,0.004,29.52
ZECUSDT,SELL,LIMIT,1701286617874,34.234,28.64
ZECUSDT,SELL,LIMIT,1701288287798,0.087,28.72
ZECUSDT,SELL,LIMIT,1701288564698,0.207,28.69
ZECUSDT,SELL,LIMIT,1701288694182,0.207,28.69
ZECUSDT,SELL,LIMIT,1701288739250,0.207,28.68
ZECUSDT,BUY,LIMIT,1701289429711,0.004,29.48
ZECUSDT,SELL,LIMIT,1701289579166,0.205,28.62
ZECUSDT,SELL,LIMIT,1701289587980,0.207,28.60
ZECUSDT,BUY,LIMIT,1701289674882,0.210,29.44
ZECUSDT,SELL,LIMIT,1701289697466,0.207,28.57
ZECUSDT,BUY,LIMIT,1701289705877,0.004,29.42
ZECUSDT,SELL,LIMIT,1701290339476,0.205,28.52
ZECUSDT,SELL,LIMIT,1701290351338,0.207,28.51
ZECUSDT,SELL,LIMIT,1701291123956,0.207,28.56
ZECUSDT,SELL,LIMIT,1701291993320,0.207,28.54
ZECUSDT,SELL,LIMIT,1701299214930,3.431,28.56
ZECUSDT,BUY,LIMIT,1701304079552,0.212,29.60
ZECUSDT,SELL,LIMIT,1701304608300,0.207,28.81
ZECUSDT,BUY,LIMIT,1701304720291,0.210,29.65
ZECUSDT,SELL,LIMIT,1701304737255,0.207,28.77
ZECUSDT,BUY,LIMIT,1701304814367,0.209,29.62
ZECUSDT,SELL,LIMIT,1701304849801,0.207,28.77
ZECUSDT,SELL,LIMIT,1701304904480,0.207,28.77
ZECUSDT,BUY,LIMIT,1701305161482,1.276,29.75
ZECUSDT,SELL,LIMIT,1701305417205,0.207,28.83
ZECUSDT,SELL,LIMIT,1701305735541,0.207,28.78
ZECUSDT,SELL,LIMIT,1701305737733,0.207,28.78
ZECUSDT,SELL,LIMIT,1701305918622,0.207,28.73
ZECUSDT,BUY,LIMIT,1701305992694,0.004,29.58
ZECUSDT,BUY,LIMIT,1701306081152,0.004,29.52
ZECUSDT,BUY,LIMIT,1701306084666,0.004,29.52
ZECUSDT,SELL,LIMIT,1701306426593,0.207,28.56
ZECUSDT,SELL,LIMIT,1701306433967,0.205,28.54
ZECUSDT,SELL,LIMIT,1701307211998,0.207,28.64
ZECUSDT,SELL,LIMIT,1701309652135,0.205,28.59
ZECUSDT,BUY,LIMIT,1701315609129,2.404,29.81
ZECUSDT,SELL,LIMIT,1701319986915,1.638,28.87
ZECUSDT,SELL,LIMIT,1701320204677,0.399,28.82
ZECUSDT,SELL,LIMIT,1701320426569,3.901,28.85
ZECUSDT,BUY,LIMIT,1701321701643,0.210,29.68
ZECUSDT,BUY,LIMIT,1701327352949,42.787,30.05
ZECUSDT,BUY,LIMIT,1701328584727,2.125,30.30
ZECUSDT,SELL,LIMIT,1701329431861,1.205,29.21
ZECUSDT,SELL,LIMIT,1701330265265,6.727,29.15
ZECUSDT,SELL,LIMIT,1701331647181,15.838,28.99
ZECUSDT,SELL,LIMIT,1701333554557,0.207,28.90
ZECUSDT,SELL,LIMIT,1701333728846,0.359,28.85
ZECUSDT,SELL,LIMIT,1701335542359,3.601,28.90
ZECUSDT,BUY,LIMIT,1701338564468,0.210,29.89
ZECUSDT,BUY,LIMIT,1701338662038,4.676,29.99
ZECUSDT,SELL,LIMIT,1701340276433,7.449,29.18
ZECUSDT,SELL,LIMIT,1701350178781,1464.068,29.02
ZECUSDT,SELL,LIMIT,1701351190195,0.419,29.07
ZECUSDT,BUY,LIMIT,1701352407295,1.014,30.31
ZECUSDT,SELL,LIMIT,1701354852500,3.866,29.12
ZECUSDT,SELL,LIMIT,1701354908645,3.974,28.96
ZECUSDT,SELL,LIMIT,1701354911714,0.374,28.93
ZECUSDT,SELL,LIMIT,1701354935959,15.117,28.89
ZECUSDT,SELL,LIMIT,1701355049356,2.613,28.88
ZECUSDT,SELL,LIMIT,1701355153169,1.110,28.81
ZECUSDT,SELL,LIMIT,1701360445561,271.777,28.77
ZECUSDT,SELL,LIMIT,1701390634300,16.467,28.90
ZECUSDT,SELL,LIMIT,1701409562586,3.029,29.11
ZECUSDT,SELL,LIMIT,1701422230136,0.895,29.20
ZECUSDT,BUY,LIMIT,1701424718148,93.608,30.21
