Symbol,Side,Order Type,Time,Quantity,Price
ZENUSDT,BUY,LIMIT,1701924924370,2.0,11.273
ZENUSDT,SELL,LIMIT,1701939974290,1.9,10.899
ZENUSDT,SELL,LIMIT,1701940568800,415.4,10.780
ZENUSDT,SELL,LIMIT,1701941236935,117.0,10.697
ZENUSDT,BUY,LIMIT,1701944811213,0.9,11.200
ZENUSDT,BUY,LIMIT,1701951859028,14.6,11.272
ZENUSDT,BUY,LIMIT,1701953976590,0.1,11.331
ZENUSDT,SELL,LIMIT,1701969523292,5.0,11.173
ZENUSDT,BUY,LIMIT,1701971291244,337.6,11.541
ZENUSDT,BUY,LIMIT,1701971612546,184.1,11.556
ZENUSDT,SELL,LIMIT,1701972219697,81.8,11.189
ZENUSDT,SELL,LIMIT,1701973970024,21.5,11.136
ZENUSDT,SELL,LIMIT,1701974264470,5.2,11.125
ZENUSDT,SELL,LIMIT,1701974266176,118.0,11.119
ZENUSDT,SELL,LIMIT,1701974278109,109.3,11.117
ZENUSDT,SELL,LIMIT,1701974501105,34.2,11.089
ZENUSDT,SELL,LIMIT,1701974514479,22.0,11.065
ZENUSDT,SELL,LIMIT,1701976681683,8.8,11.016
ZENUSDT,SELL,LIMIT,1701976685294,37.1,11.008
ZENUSDT,SELL,LIMIT,1701976782799,444.4,11.003
ZENUSDT,SELL,LIMIT,1701976869190,440.8,10.987
ZENUSDT,SELL,LIMIT,1701977170655,15.6,10.966
ZENUSDT,SELL,LIMIT,1701977299942,23.7,10.951
ZENUSDT,SELL,LIMIT,1701978234057,2.0,11.023
ZENUSDT,SELL,LIMIT,1701978279156,20.9,10.930
ZENUSDT,BUY,LIMIT,1701985124288,0.5,11.495
ZENUSDT,SELL,LIMIT,1701987572229,44.1,11.098
ZENUSDT,BUY,LIMIT,1701994881222,33.7,11.464
ZENUSDT,SELL,LIMIT,1701995762339,5.1,11.089
ZENUSDT,BUY,LIMIT,1702006586374,3.1,11.555
ZENUSDT,SELL,LIMIT,1702020191887,43.7,10.971
ZENUSDT,SELL,LIMIT,1702020192936,188.0,10.964
ZENUSDT,SELL,LIMIT,1702020577364,3.5,10.914
ZENUSDT,SELL,LIMIT,1702020594696,67.1,10.911
ZENUSDT,SELL,LIMIT,1702020634528,31.6,10.897
ZENUSDT,SELL,LIMIT,1702020663875,100.0,10.887
ZENUSDT,SELL,LIMIT,1702034736465,6.9,11.095
ZENUSDT,SELL,LIMIT,1702034788057,496.9,11.055
ZENUSDT,SELL,LIMIT,1702040961227,59.6,11.015
ZENUSDT,BUY,LIMIT,1702048082700,23.7,11.543
ZENUSDT,BUY,LIMIT,1702048108127,0.6,11.540
ZENUSDT,SELL,LIMIT,1702049474807,21.1,11.097
ZENUSDT,BUY,LIMIT,1702052081720,4.4,11.508
ZENUSDT,SELL,LIMIT,1702052657303,4.2,11.194
ZENUSDT,BUY,LIMIT,1702053445380,6.1,11.529
ZENUSDT,SELL,LIMIT,1702076452031,36.7,11.175
ZENUSDT,BUY,LIMIT,1702080687269,12.1,11.708
ZENUSDT,BUY,LIMIT,1702082078237,11.5,11.750
ZENUSDT,BUY,LIMIT,1702091266960,32.7,11.715
ZENUSDT,BUY,LIMIT,1702097212156,11.2,11.813
ZENUSDT,BUY,LIMIT,1702097464566,36.9,11.897
ZENUSDT,BUY,LIMIT,1702097490227,0.9,11.959
ZENUSDT,SELL,LIMIT,1702098394119,8.7,11.508
ZENUSDT,BUY,LIMIT,1702102388055,2132.5,12.053
ZENUSDT,BUY,LIMIT,1702102402357,0.6,12.009
ZENUSDT,BUY,LIMIT,1702103376622,11.0,11.951
ZENUSDT,BUY,LIMIT,1702108053569,0.6,12.053
ZENUSDT,SELL,LIMIT,1702108077280,5.0,11.698
ZENUSDT,BUY,LIMIT,1702109244834,3.4,12.069
ZENUSDT,BUY,LIMIT,1702110088970,22.7,12.077
ZENUSDT,SELL,LIMIT,1702110968990,32.9,11.544
ZENUSDT,SELL,LIMIT,1702110971728,2.5,11.537
ZENUSDT,SELL,LIMIT,1702110974398,7.8,11.513
ZENUSDT,SELL,LIMIT,1702110977790,10.3,11.510
ZENUSDT,SELL,LIMIT,1702111035735,4.0,11.463
ZENUSDT,SELL,LIMIT,1702111043453,9.9,11.416
ZENUSDT,SELL,LIMIT,1702111376437,49.2,11.379
ZENUSDT,SELL,LIMIT,1702111383193,70.2,11.332
ZENUSDT,SELL,LIMIT,1702111385748,114.9,11.292
ZENUSDT,SELL,LIMIT,1702111387609,88.8,11.238
ZENUSDT,BUY,LIMIT,1702129273411,3.0,11.629
ZENUSDT,SELL,LIMIT,1702132660491,13.4,11.423
ZENUSDT,SELL,LIMIT,1702133005931,6.3,11.281
ZENUSDT,BUY,LIMIT,1702137066413,41.7,11.709
ZENUSDT,SELL,LIMIT,1702138946015,34.9,11.380
ZENUSDT,SELL,LIMIT,1702139128350,36.3,11.300
ZENUSDT,SELL,LIMIT,1702153013855,21.8,11.303
ZENUSDT,SELL,LIMIT,1702164296025,373.5,11.205
ZENUSDT,SELL,LIMIT,1702164537864,51.0,11.185
ZENUSDT,SELL,LIMIT,1702164543733,554.7,11.154
ZENUSDT,SELL,LIMIT,1702164546319,0.5,11.163
ZENUSDT,SELL,LIMIT,1702164683550,64.0,11.151
ZENUSDT,SELL,LIMIT,1702164748356,23.9,11.148
ZENUSDT,SELL,LIMIT,1702164749848,438.3,11.153
ZENUSDT,SELL,LIMIT,1702164752539,0.5,11.112
ZENUSDT,SELL,LIMIT,1702164757234,5.5,11.105
ZENUSDT,SELL,LIMIT,1702164796001,1.0,11.097
ZENUSDT,SELL,LIMIT,1702164797531,23.5,11.091
ZENUSDT,SELL,LIMIT,1702164800048,25.5,11.086
ZENUSDT,SELL,LIMIT,1702164801374,72.9,11.081
ZENUSDT,SELL,LIMIT,1702164802670,126.8,11.066
ZENUSDT,SELL,LIMIT,1702164804478,277.7,11.060
ZENUSDT,SELL,LIMIT,1702164805706,167.4,11.041
ZENUSDT,SELL,LIMIT,1702164811485,1.0,11.037
ZENUSDT,SELL,LIMIT,1702164849801,300.0,11.043
ZENUSDT,SELL,LIMIT,1702192871486,436.1,11.151
ZENUSDT,SELL,LIMIT,1702193666087,4.4,11.148
ZENUSDT,SELL,LIMIT,1702193848270,208.7,11.117
ZENUSDT,SELL,LIMIT,1702200219068,44.5,11.001
ZENUSDT,SELL,LIMIT,1702200221473,8.4,10.999
ZENUSDT,SELL,LIMIT,1702200330526,9.0,10.957
ZENUSDT,SELL,LIMIT,1702200348242,0.8,10.940
ZENUSDT,SELL,LIMIT,1702200728342,88.2,10.921
ZENUSDT,SELL,LIMIT,1702200764259,15.6,10.909
ZENUSDT,SELL,LIMIT,1702200891163,69.3,10.876
ZENUSDT,SELL,LIMIT,1702200893780,91.8,10.874
ZENUSDT,SELL,LIMIT,1702200940581,16.6,10.868
ZENUSDT,SELL,LIMIT,1702200945284,13.5,10.862
ZENUSDT,SELL,LIMIT,1702201410307,45.4,10.856
ZENUSDT,SELL,LIMIT,1702201429352,28.0,10.844
ZENUSDT,SELL,LIMIT,1702201773742,383.1,10.853
ZENUSDT,SELL,LIMIT,1702202032386,8.3,10.838
ZENUSDT,SELL,LIMIT,1702202056288,10.1,10.826
ZENUSDT,SELL,LIMIT,1702202155189,15.0,10.812
ZENUSDT,SELL,LIMIT,1702202157134,4.3,10.810
ZENUSDT,SELL,LIMIT,1702202278372,4.5,10.807
ZENUSDT,SELL,LIMIT,1702202295717,0.5,10.798
ZENUSDT,SELL,LIMIT,1702202318310,15.3,10.790
ZENUSDT,SELL,LIMIT,1702202323135,23.5,10.790
ZENUSDT,SELL,LIMIT,1702202376215,8.4,10.765
ZENUSDT,SELL,LIMIT,1702202379239,221.1,10.764
ZENUSDT,SELL,LIMIT,1702202380362,1.9,10.756
ZENUSDT,SELL,LIMIT,1702202399446,10.7,10.735
ZENUSDT,BUY,LIMIT,1702210846709,2.6,11.341
ZENUSDT,SELL,LIMIT,1702232181671,1.1,11.079
ZENUSDT,BUY,LIMIT,1702233541574,0.4,11.636
ZENUSDT,BUY,LIMIT,1702233552263,7.5,11.659
ZENUSDT,BUY,LIMIT,1702241330638,426.9,11.694
ZENUSDT,SELL,LIMIT,1702243711309,2.6,11.300
ZENUSDT,SELL,LIMIT,1702256441518,10.9,11.259
ZENUSDT,SELL,LIMIT,1702256992820,310.0,11.048
ZENUSDT,SELL,LIMIT,1702260431144,439.0,11.336
ZENUSDT,SELL,LIMIT,1702260440956,0.5,11.025
ZENUSDT,SELL,LIMIT,1702260627569,10.4,10.980
ZENUSDT,BUY,LIMIT,1702260631689,8.7,11.298
ZENUSDT,SELL,LIMIT,1702260636848,296.3,10.922
ZENUSDT,SELL,LIMIT,1702260667391,9.0,10.915
ZENUSDT,SELL,LIMIT,1702260668762,44.3,10.911
ZENUSDT,SELL,LIMIT,1702260690195,44.3,10.897
ZENUSDT,SELL,LIMIT,1702260698620,60.6,10.887
ZENUSDT,SELL,LIMIT,1702260707345,26.3,10.894
ZENUSDT,SELL,LIMIT,1702260708613,66.2,10.856
ZENUSDT,SELL,LIMIT,1702260710029,21.8,10.852
ZENUSDT,SELL,LIMIT,1702260711169,105.0,10.911
ZENUSDT,SELL,LIMIT,1702260714340,3.9,10.812
ZENUSDT,SELL,LIMIT,1702260716805,0.6,10.810
ZENUSDT,SELL,LIMIT,1702260717886,257.0,10.806
ZENUSDT,SELL,LIMIT,1702260721357,449.7,10.774
ZENUSDT,SELL,LIMIT,1702260722393,4.0,10.774
ZENUSDT,SELL,LIMIT,1702260724638,40.4,10.766
ZENUSDT,SELL,LIMIT,1702260725903,10.2,10.762
ZENUSDT,SELL,LIMIT,1702260727983,4.0,10.736
ZENUSDT,SELL,LIMIT,1702260729357,3.5,10.732
ZENUSDT,SELL,LIMIT,1702260730701,23.1,10.732
ZENUSDT,SELL,LIMIT,1702260734769,134.0,10.706
ZENUSDT,SELL,LIMIT,1702260735827,4.4,10.704
ZENUSDT,SELL,LIMIT,1702260740518,568.0,10.669
ZENUSDT,SELL,LIMIT,1702260741717,5.0,10.685
ZENUSDT,SELL,LIMIT,1702260742719,17.0,10.669
ZENUSDT,SELL,LIMIT,1702260743797,18.7,10.683
ZENUSDT,SELL,LIMIT,1702260744975,48.0,10.668
ZENUSDT,SELL,LIMIT,1702260746885,27.5,10.666
ZENUSDT,SELL,LIMIT,1702260748189,1.4,10.664
ZENUSDT,BUY,LIMIT,1702260749479,9.3,10.974
ZENUSDT,SELL,LIMIT,1702260750693,3.6,10.641
ZENUSDT,SELL,LIMIT,1702260752208,103.0,10.602
ZENUSDT,SELL,LIMIT,1702260753298,3.2,10.579
ZENUSDT,SELL,LIMIT,1702260754665,32.3,10.501
ZENUSDT,SELL,LIMIT,1702260755756,16.5,10.433
ZENUSDT,SELL,LIMIT,1702260757507,137.0,10.459
ZENUSDT,SELL,LIMIT,1702260759039,16.9,10.430
ZENUSDT,SELL,LIMIT,1702260760124,1.0,10.429
ZENUSDT,SELL,LIMIT,1702260761271,5.0,10.432
ZENUSDT,SELL,LIMIT,1702260762596,0.5,10.433
ZENUSDT,SELL,LIMIT,1702260763733,10.0,10.433
ZENUSDT,SELL,LIMIT,1702260764754,1.0,10.432
ZENUSDT,SELL,LIMIT,1702260766715,1.0,10.427
ZENUSDT,SELL,LIMIT,1702260767882,1.0,10.386
ZENUSDT,SELL,LIMIT,1702260768908,28.8,11.518
ZENUSDT,SELL,LIMIT,1702260769904,344.5,10.423
ZENUSDT,SELL,LIMIT,1702260771544,655.1,10.343
ZENUSDT,SELL,LIMIT,1702260772581,287.3,10.334
ZENUSDT,SELL,LIMIT,1702260774013,207.5,10.334
ZENUSDT,SELL,LIMIT,1702260775023,312.7,10.306
ZENUSDT,SELL,LIMIT,1702260776916,1.0,10.324
ZENUSDT,SELL,LIMIT,1702260777943,21.9,10.233
ZENUSDT,SELL,LIMIT,1702260779211,1.0,10.284
ZENUSDT,SELL,LIMIT,1702260780487,8.7,10.270
ZENUSDT,SELL,LIMIT,1702260781593,1.0,10.302
ZENUSDT,SELL,LIMIT,1702260782738,18.9,10.289
ZENUSDT,SELL,LIMIT,1702260784097,11.4,10.217
ZENUSDT,SELL,LIMIT,1702260785123,195.5,10.217
ZENUSDT,SELL,LIMIT,1702260786387,177.3,10.192
ZENUSDT,SELL,LIMIT,1702260787526,1.8,10.151
ZENUSDT,SELL,LIMIT,1702260788910,9.4,10.146
ZENUSDT,SELL,LIMIT,1702260790114,10.9,10.151
ZENUSDT,SELL,LIMIT,1702260791535,7.5,10.142
ZENUSDT,SELL,LIMIT,1702260792547,0.8,10.074
ZENUSDT,SELL,LIMIT,1702260793595,482.5,10.074
ZENUSDT,SELL,LIMIT,1702260794799,204.9,10.047
ZENUSDT,SELL,LIMIT,1702260796145,840.0,9.968
ZENUSDT,SELL,LIMIT,1702260797247,754.0,9.915
ZENUSDT,SELL,LIMIT,1702260798669,17.7,9.975
ZENUSDT,SELL,LIMIT,1702260800225,26.7,9.902
ZENUSDT,SELL,LIMIT,1702260801277,2.0,9.830
ZENUSDT,SELL,LIMIT,1702260802323,6.6,9.830
ZENUSDT,SELL,LIMIT,1702260805025,141.8,9.841
ZENUSDT,SELL,LIMIT,1702260806106,99.0,9.806
ZENUSDT,SELL,LIMIT,1702260807422,13.3,9.793
ZENUSDT,SELL,LIMIT,1702260810574,5.1,9.801
ZENUSDT,SELL,LIMIT,1702260811642,45.3,10.190
ZENUSDT,SELL,LIMIT,1702260813206,5.5,9.764
ZENUSDT,SELL,LIMIT,1702260814259,20.1,9.688
ZENUSDT,SELL,LIMIT,1702260815656,52.1,9.688
ZENUSDT,SELL,LIMIT,1702260817149,4.0,9.598
ZENUSDT,SELL,LIMIT,1702260818409,2.0,9.641
ZENUSDT,SELL,LIMIT,1702260820815,45.2,9.637
ZENUSDT,SELL,LIMIT,1702260822215,375.9,9.637
ZENUSDT,SELL,LIMIT,1702260856058,1.4,10.037
ZENUSDT,BUY,LIMIT,1702260874336,3.0,10.441
ZENUSDT,SELL,LIMIT,1702260981150,235.9,10.263
ZENUSDT,SELL,LIMIT,1702260982527,357.4,10.252
ZENUSDT,SELL,LIMIT,1702262873708,5.1,10.252
