Symbol,Side,Order Type,Time,Quantity,Price
ZILUSDT,SELL,LIMIT,1701065030570,49420,0.02050
ZILUSDT,SELL,LIMIT,1701067750903,9530,0.02055
ZILUSDT,SELL,LIMIT,1701069571360,9224,0.02033
ZILUSDT,SELL,LIMIT,1701069638272,74373,0.02030
ZILUSDT,SELL,LIMIT,1701069797981,98849,0.02025
ZILUSDT,SELL,LIMIT,1701069883273,47058,0.02020
ZILUSDT,SELL,LIMIT,1701069885860,6228,0.02030
ZILUSDT,SELL,LIMIT,1701069890415,18579,0.02018
ZILUSDT,SELL,LIMIT,1701069901437,20933,0.02018
ZILUSDT,SELL,LIMIT,1701070174737,10278,0.02016
ZILUSDT,SELL,LIMIT,1701070440278,6000,0.02017
ZILUSDT,SELL,LIMIT,1701080466162,24107,0.02032
ZILUSDT,SELL,LIMIT,1701080782556,49368,0.02026
ZILUSDT,SELL,LIMIT,1701081329812,277016,0.02016
ZILUSDT,SELL,LIMIT,1701081438082,404,0.02015
ZILUSDT,SELL,LIMIT,1701081450988,478,0.02013
ZILUSDT,SELL,LIMIT,1701081460084,28859,0.02012
ZILUSDT,SELL,LIMIT,1701081488037,47192,0.02011
ZILUSDT,SELL,LIMIT,1701082706148,1693,0.02009
ZILUSDT,SELL,LIMIT,1701093118460,957,0.02020
ZILUSDT,SELL,LIMIT,1701100011815,417,0.02015
ZILUSDT,SELL,LIMIT,1701100602104,4198,0.02004
ZILUSDT,SELL,LIMIT,1701100623612,9103,0.02034
ZILUSDT,SELL,LIMIT,1701100642051,261,0.02002
ZILUSDT,SELL,LIMIT,1701100644977,1267,0.02000
ZILUSDT,SELL,LIMIT,1701101243560,56906,0.02007
ZILUSDT,SELL,LIMIT,1701107728253,970,0.02018
ZILUSDT,SELL,LIMIT,1701114352849,361,0.02002
ZILUSDT,SELL,LIMIT,1701114360187,4914,0.02000
ZILUSDT,SELL,LIMIT,1701114479723,150888,0.01997
ZILUSDT,SELL,LIMIT,1701114537201,75911,0.01995
ZILUSDT,BUY,LIMIT,1701114683853,58598,0.02065
ZILUSDT,SELL,LIMIT,1701116768122,18553,0.02006
ZILUSDT,SELL,LIMIT,1701116998913,972,0.01998
ZILUSDT,BUY,LIMIT,1701120856455,1470,0.02082
ZILUSDT,SELL,LIMIT,1701134272280,26317,0.02032
ZILUSDT,SELL,LIMIT,1701145764310,9437,0.02019
ZILUSDT,SELL,LIMIT,1701145787215,651,0.02018
ZILUSDT,SELL,LIMIT,1701147879202,1840,0.02004
ZILUSDT,SELL,LIMIT,1701149058151,7427,0.01992
ZILUSDT,SELL,LIMIT,1701149884254,7303,0.01990
ZILUSDT,SELL,LIMIT,1701149891182,4800,0.01988
ZILUSDT,SELL,LIMIT,1701151263534,43428,0.01987
ZILUSDT,SELL,LIMIT,1701151606862,233388,0.01986
ZILUSDT,BUY,LIMIT,1701152185858,44014,0.02057
ZILUSDT,SELL,LIMIT,1701156145017,2424,0.01997
ZILUSDT,SELL,LIMIT,1701156357759,48875,0.01990
ZILUSDT,SELL,LIMIT,1701156372642,67425,0.01991
ZILUSDT,BUY,LIMIT,1701171859240,487,0.01961
ZILUSDT,BUY,LIMIT,1701189845309,19000,0.02110
ZILUSDT,BUY,LIMIT,1701192036902,24040,0.02123
ZILUSDT,SELL,LIMIT,1701193162016,730,0.02057
ZILUSDT,SELL,LIMIT,1701202157597,756,0.02053
ZILUSDT,SELL,LIMIT,1701203490248,334,0.02050
ZILUSDT,SELL,LIMIT,1701223266943,891,0.02049
ZILUSDT,SELL,LIMIT,1701236070206,12188,0.02034
ZILUSDT,BUY,LIMIT,1701247359926,3784,0.02120
ZILUSDT,BUY,LIMIT,1701247823523,3262,0.02123
ZILUSDT,SELL,LIMIT,1701250169229,47641,0.02058
ZILUSDT,SELL,LIMIT,1701250239375,3891,0.02056
ZILUSDT,SELL,LIMIT,1701252239366,26315,0.02051
ZILUSDT,SELL,LIMIT,1701253348685,43186,0.02044
ZILUSDT,SELL,LIMIT,1701254401471,6560,0.02032
ZILUSDT,SELL,LIMIT,1701254418591,582,0.02030
ZILUSDT,SELL,LIMIT,1701254684315,455,0.02027
ZILUSDT,BUY,LIMIT,1701263870932,2690,0.02145
ZILUSDT,BUY,LIMIT,1701264279183,828,0.02155
ZILUSDT,BUY,LIMIT,1701264296998,9438,0.02159
ZILUSDT,BUY,LIMIT,1701264583055,9451,0.02158
ZILUSDT,BUY,LIMIT,1701264672889,113784,0.02161
ZILUSDT,BUY,LIMIT,1701264681290,27252,0.02166
ZILUSDT,BUY,LIMIT,1701264705394,4323,0.02168
ZILUSDT,BUY,LIMIT,1701264713202,9398,0.02170
ZILUSDT,BUY,LIMIT,1701264731927,2916,0.02171
ZILUSDT,BUY,LIMIT,1701264774419,25912,0.02177
ZILUSDT,BUY,LIMIT,1701264874907,6539,0.02176
ZILUSDT,BUY,LIMIT,1701266934698,4577,0.02162
ZILUSDT,SELL,LIMIT,1701268418210,140219,0.02078
ZILUSDT,SELL,LIMIT,1701270423318,2793,0.02069
ZILUSDT,SELL,LIMIT,1701270451360,23807,0.02065
ZILUSDT,SELL,LIMIT,1701270592442,2639,0.02056
ZILUSDT,SELL,LIMIT,1701277293017,33600,0.02085
ZILUSDT,SELL,LIMIT,1701278410144,69067,0.02080
ZILUSDT,SELL,LIMIT,1701282934416,8017,0.02074
ZILUSDT,SELL,LIMIT,1701284959290,67251,0.02084
ZILUSDT,BUY,LIMIT,1701286830222,2302,0.02173
ZILUSDT,BUY,LIMIT,1701287333396,105259,0.02186
ZILUSDT,BUY,LIMIT,1701287359267,698,0.02189
ZILUSDT,BUY,LIMIT,1701287445356,23080,0.02197
ZILUSDT,BUY,LIMIT,1701287877122,511,0.02200
ZILUSDT,SELL,LIMIT,1701288996832,62646,0.02113
ZILUSDT,SELL,LIMIT,1701289089078,12187,0.02110
ZILUSDT,SELL,LIMIT,1701298971010,16286,0.02107
ZILUSDT,SELL,LIMIT,1701303138034,172869,0.02116
ZILUSDT,SELL,LIMIT,1701306647664,564,0.02104
ZILUSDT,SELL,LIMIT,1701309213316,10466,0.02114
ZILUSDT,SELL,LIMIT,1701309605031,2240,0.02102
ZILUSDT,SELL,LIMIT,1701309609223,50201,0.02100
ZILUSDT,SELL,LIMIT,1701309721715,237,0.02097
ZILUSDT,SELL,LIMIT,1701313605922,1439,0.02105
ZILUSDT,SELL,LIMIT,1701314466904,239,0.02096
ZILUSDT,BUY,LIMIT,1701324426146,11405,0.02190
ZILUSDT,SELL,LIMIT,1701327054235,71,0.02117
ZILUSDT,SELL,LIMIT,1701328862657,63551,0.02110
ZILUSDT,SELL,LIMIT,1701331613424,9486,0.02091
ZILUSDT,SELL,LIMIT,1701331673199,114807,0.02086
ZILUSDT,BUY,LIMIT,1701336107299,473,0.02153
ZILUSDT,BUY,LIMIT,1701336115233,3227,0.02155
ZILUSDT,SELL,LIMIT,1701341548840,9183,0.02095
ZILUSDT,SELL,LIMIT,1701346575121,2745,0.02107
ZILUSDT,SELL,LIMIT,1701346737688,4828,0.02106
ZILUSDT,SELL,LIMIT,1701347298295,6436,0.02103
ZILUSDT,SELL,LIMIT,1701349587935,59547,0.02100
ZILUSDT,SELL,LIMIT,1701349643161,20374,0.02098
ZILUSDT,SELL,LIMIT,1701349678133,467,0.02096
ZILUSDT,SELL,LIMIT,1701352289198,17454,0.02096
ZILUSDT,SELL,LIMIT,1701352508225,3520,0.02094
ZILUSDT,SELL,LIMIT,1701352525642,2822,0.02092
ZILUSDT,SELL,LIMIT,1701352940401,28893,0.02088
ZILUSDT,SELL,LIMIT,1701353014366,7641,0.02081
ZILUSDT,SELL,LIMIT,1701353016467,23791,0.02080
ZILUSDT,BUY,LIMIT,1701360154621,4224,0.02151
ZILUSDT,BUY,LIMIT,1701366175290,14784,0.02171
ZILUSDT,SELL,LIMIT,1701373540989,12357,0.02098
ZILUSDT,BUY,LIMIT,1701383213014,1217,0.02176
ZILUSDT,BUY,LIMIT,1701383330259,2822,0.02191
ZILUSDT,BUY,LIMIT,1701385617669,1159,0.02209
ZILUSDT,BUY,LIMIT,1701385621037,5050,0.02211
ZILUSDT,BUY,LIMIT,1701385923830,974,0.02215
ZILUSDT,BUY,LIMIT,1701385936454,5912,0.02217
ZILUSDT,BUY,LIMIT,1701387427657,8793,0.02225
ZILUSDT,SELL,LIMIT,1701389283274,309,0.02146
ZILUSDT,SELL,LIMIT,1701389365603,11144,0.02145
ZILUSDT,SELL,LIMIT,1701389773909,19333,0.02135
ZILUSDT,SELL,LIMIT,1701389775468,167716,0.02134
ZILUSDT,SELL,LIMIT,1701390474899,228196,0.02132
ZILUSDT,BUY,LIMIT,1701390874220,39919,0.02204
ZILUSDT,SELL,LIMIT,1701392459684,12,0.02139
ZILUSDT,BUY,LIMIT,1701395589131,1890,0.02211
ZILUSDT,SELL,LIMIT,1701395918338,2000,0.02238
ZILUSDT,BUY,LIMIT,1701399509791,471,0.02226
ZILUSDT,SELL,LIMIT,1701402526653,3041,0.02144
ZILUSDT,SELL,LIMIT,1701403642325,237,0.02182
ZILUSDT,BUY,LIMIT,1701405515309,255,0.02208
ZILUSDT,BUY,LIMIT,1701413975607,1248,0.02218
ZILUSDT,SELL,LIMIT,1701416107064,11672,0.02142
ZILUSDT,SELL,LIMIT,1701419689239,414,0.02132
ZILUSDT,BUY,LIMIT,1701422227850,57710,0.02208
ZILUSDT,BUY,LIMIT,1701422246063,24419,0.02211
ZILUSDT,BUY,LIMIT,1701423672137,271,0.02221
ZILUSDT,BUY,LIMIT,1701423905145,2062,0.02230
ZILUSDT,BUY,LIMIT,1701423907766,2518,0.02230
ZILUSDT,BUY,LIMIT,1701424060163,17412,0.02235
ZILUSDT,BUY,LIMIT,1701424406606,20699,0.02250
ZILUSDT,BUY,LIMIT,1701424416094,1400,0.02251
ZILUSDT,SELL,LIMIT,1701425040224,11312,0.02167
