Symbol,Side,Order Type,Time,Quantity,Price
ZRXUSDT,SELL,LIMIT,1700990903582,2782.1,0.4151
ZRXUSDT,SELL,LIMIT,1700991051367,20.7,0.4156
ZRXUSDT,SELL,LIMIT,1700991140425,766.8,0.4146
ZRXUSDT,SELL,LIMIT,1700991205794,118.9,0.4141
ZRXUSDT,SELL,LIMIT,1700991908958,121.8,0.4136
ZRXUSDT,SELL,LIMIT,1700993259045,98.3,0.4142
ZRXUSDT,SELL,LIMIT,1700997067040,4224.3,0.4118
ZRXUSDT,SELL,LIMIT,1700997068074,2463.6,0.4112
ZRXUSDT,SELL,LIMIT,1700997072105,6874.0,0.4101
ZRXUSDT,SELL,LIMIT,1700997073159,12.0,0.4096
ZRXUSDT,SELL,LIMIT,1700997081087,315.4,0.4077
ZRXUSDT,SELL,LIMIT,1700997082182,991.5,0.4090
ZRXUSDT,SELL,LIMIT,1700997083449,1211.9,0.4075
ZRXUSDT,SELL,LIMIT,1700997724043,1167.4,0.4072
ZRXUSDT,SELL,LIMIT,1700997725299,4094.5,0.4065
ZRXUSDT,SELL,LIMIT,1700997751383,1709.7,0.4055
ZRXUSDT,SELL,LIMIT,1700997753137,150.0,0.4049
ZRXUSDT,SELL,LIMIT,1700997754223,1455.5,0.4050
ZRXUSDT,SELL,LIMIT,1700997755571,704.7,0.4044
ZRXUSDT,SELL,LIMIT,1700997757173,37.7,0.4040
ZRXUSDT,SELL,LIMIT,1700997758343,117.6,0.4037
ZRXUSDT,SELL,LIMIT,1700997759419,53.4,0.4037
ZRXUSDT,SELL,LIMIT,1700997762457,17.4,0.4022
ZRXUSDT,SELL,LIMIT,1700997764046,115.8,0.4019
ZRXUSDT,SELL,LIMIT,1700997766199,196.1,0.4018
ZRXUSDT,SELL,LIMIT,1700997767242,396.0,0.4008
ZRXUSDT,SELL,LIMIT,1700997778048,514.2,0.3995
ZRXUSDT,SELL,LIMIT,1700997783373,2178.6,0.3995
ZRXUSDT,SELL,LIMIT,1700997805062,59.6,0.3988
ZRXUSDT,SELL,LIMIT,1700997806157,539.6,0.3991
ZRXUSDT,BUY,LIMIT,1700998293742,3480.4,0.4135
ZRXUSDT,SELL,LIMIT,1700999240231,28.2,0.3989
ZRXUSDT,SELL,LIMIT,1700999241292,27.3,0.3989
ZRXUSDT,SELL,LIMIT,1700999249081,46.9,0.3982
ZRXUSDT,SELL,LIMIT,1700999250719,8851.6,0.3980
ZRXUSDT,SELL,LIMIT,1701000640577,2248.5,0.3972
ZRXUSDT,BUY,LIMIT,1701003479383,8396.3,0.4158
ZRXUSDT,SELL,LIMIT,1701003771259,23.1,0.4037
ZRXUSDT,SELL,LIMIT,1701005615273,1727.7,0.4016
ZRXUSDT,SELL,LIMIT,1701006135122,6115.4,0.4009
ZRXUSDT,SELL,LIMIT,1701006159153,2539.6,0.4006
ZRXUSDT,SELL,LIMIT,1701008168872,246.8,0.4002
ZRXUSDT,SELL,LIMIT,1701008182905,3572.5,0.4000
ZRXUSDT,SELL,LIMIT,1701008238963,490.0,0.3995
ZRXUSDT,SELL,LIMIT,1701008248073,2066.9,0.3994
ZRXUSDT,SELL,LIMIT,1701008406633,7934.5,0.3989
ZRXUSDT,SELL,LIMIT,1701008411271,2662.5,0.3986
ZRXUSDT,SELL,LIMIT,1701008429647,424.0,0.3987
ZRXUSDT,SELL,LIMIT,1701008441462,9098.0,0.3984
ZRXUSDT,SELL,LIMIT,1701008450792,57377.2,0.3946
ZRXUSDT,SELL,LIMIT,1701010834410,12.0,0.3971
ZRXUSDT,SELL,LIMIT,1701010868381,96.0,0.3967
ZRXUSDT,SELL,LIMIT,1701010869484,623.8,0.3968
ZRXUSDT,SELL,LIMIT,1701010870578,111.7,0.3967
ZRXUSDT,SELL,LIMIT,1701010873398,4495.3,0.3963
ZRXUSDT,SELL,LIMIT,1701010951503,5618.2,0.3961
ZRXUSDT,SELL,LIMIT,1701010952825,618.9,0.3957
ZRXUSDT,SELL,LIMIT,1701013690674,1226.0,0.3957
ZRXUSDT,SELL,LIMIT,1701013746409,149.0,0.3953
ZRXUSDT,SELL,LIMIT,1701013747853,487.3,0.3952
ZRXUSDT,SELL,LIMIT,1701013754332,12315.4,0.3950
ZRXUSDT,SELL,LIMIT,1701013818080,443.0,0.3952
ZRXUSDT,SELL,LIMIT,1701013821954,662.0,0.3950
ZRXUSDT,SELL,LIMIT,1701013830746,950.6,0.3950
ZRXUSDT,SELL,LIMIT,1701013961806,351.9,0.3947
ZRXUSDT,SELL,LIMIT,1701013965398,8705.9,0.3945
ZRXUSDT,SELL,LIMIT,1701013966651,39.0,0.3938
ZRXUSDT,SELL,LIMIT,1701013968005,46104.1,0.3908
ZRXUSDT,SELL,LIMIT,1701013975358,688.4,0.3927
ZRXUSDT,SELL,LIMIT,1701014017088,36.9,0.3933
ZRXUSDT,BUY,LIMIT,1701014560534,612.3,0.4088
ZRXUSDT,SELL,LIMIT,1701015603016,28.3,0.3945
ZRXUSDT,SELL,LIMIT,1701015640990,10000.0,0.3945
ZRXUSDT,SELL,LIMIT,1701015644388,231.8,0.3943
ZRXUSDT,SELL,LIMIT,1701015669464,112.7,0.3939
ZRXUSDT,SELL,LIMIT,1701015683328,1180.1,0.3934
ZRXUSDT,SELL,LIMIT,1701015684296,579.3,0.3932
ZRXUSDT,SELL,LIMIT,1701015748626,1198.5,0.3925
ZRXUSDT,SELL,LIMIT,1701015753131,10263.8,0.3923
ZRXUSDT,SELL,LIMIT,1701015757395,1915.4,0.3922
ZRXUSDT,SELL,LIMIT,1701015762271,80.2,0.3921
ZRXUSDT,SELL,LIMIT,1701015843587,15.5,0.3919
ZRXUSDT,SELL,LIMIT,1701015872529,34.6,0.3916
ZRXUSDT,SELL,LIMIT,1701015874158,180.0,0.3908
ZRXUSDT,SELL,LIMIT,1701016016554,175.0,0.3908
ZRXUSDT,SELL,LIMIT,1701016022392,88.5,0.3907
ZRXUSDT,SELL,LIMIT,1701016031324,22.5,0.3903
ZRXUSDT,SELL,LIMIT,1701016032388,1538.3,0.3901
ZRXUSDT,SELL,LIMIT,1701016033294,3006.9,0.3900
ZRXUSDT,SELL,LIMIT,1701016034957,213.7,0.3897
ZRXUSDT,SELL,LIMIT,1701016035895,386.1,0.3895
ZRXUSDT,SELL,LIMIT,1701016037380,126.0,0.3895
ZRXUSDT,SELL,LIMIT,1701016042229,143.1,0.3894
ZRXUSDT,SELL,LIMIT,1701016043485,5169.8,0.3893
ZRXUSDT,SELL,LIMIT,1701016044706,7682.0,0.3892
ZRXUSDT,SELL,LIMIT,1701016047191,12575.4,0.3884
ZRXUSDT,SELL,LIMIT,1701016048093,48.6,0.3882
ZRXUSDT,SELL,LIMIT,1701016049058,200.8,0.3880
ZRXUSDT,SELL,LIMIT,1701016050002,160.3,0.3881
ZRXUSDT,SELL,LIMIT,1701016051074,6303.4,0.3877
ZRXUSDT,SELL,LIMIT,1701016088034,5935.2,0.3883
ZRXUSDT,SELL,LIMIT,1701016093948,2258.1,0.3891
ZRXUSDT,SELL,LIMIT,1701016098200,12353.2,0.3871
ZRXUSDT,SELL,LIMIT,1701016099195,2580.7,0.3868
ZRXUSDT,SELL,LIMIT,1701016100304,52.3,0.3870
ZRXUSDT,SELL,LIMIT,1701016101188,21.0,0.3866
ZRXUSDT,SELL,LIMIT,1701016101969,1052.6,0.3862
ZRXUSDT,SELL,LIMIT,1701016103215,15272.0,0.3852
ZRXUSDT,SELL,LIMIT,1701016104125,251.1,0.3860
ZRXUSDT,BUY,LIMIT,1701018536625,57.3,0.4066
ZRXUSDT,BUY,LIMIT,1701022407117,12359.9,0.4080
ZRXUSDT,SELL,LIMIT,1701023084353,285.9,0.3951
ZRXUSDT,SELL,LIMIT,1701027256883,44.5,0.3938
ZRXUSDT,SELL,LIMIT,1701031386684,108.7,0.3959
ZRXUSDT,BUY,LIMIT,1701031728619,19.3,0.4095
ZRXUSDT,SELL,LIMIT,1701033476144,28.6,0.3944
ZRXUSDT,SELL,LIMIT,1701039786834,12.4,0.3960
ZRXUSDT,SELL,LIMIT,1701040301432,688.9,0.3949
ZRXUSDT,SELL,LIMIT,1701040664242,3670.9,0.3941
ZRXUSDT,SELL,LIMIT,1701043182403,1428.6,0.3966
ZRXUSDT,SELL,LIMIT,1701043406269,5524.9,0.3932
ZRXUSDT,SELL,LIMIT,1701047560368,503.1,0.3934
ZRXUSDT,SELL,LIMIT,1701047957361,3949.3,0.3920
ZRXUSDT,SELL,LIMIT,1701047993578,179.6,0.3917
ZRXUSDT,SELL,LIMIT,1701049209219,2979.5,0.3884
ZRXUSDT,SELL,LIMIT,1701049236326,21.6,0.3878
ZRXUSDT,SELL,LIMIT,1701049285682,4239.7,0.3868
ZRXUSDT,SELL,LIMIT,1701049309217,12437.8,0.3868
ZRXUSDT,BUY,LIMIT,1701049650385,3183.0,0.4004
ZRXUSDT,SELL,LIMIT,1701053044205,34.8,0.3857
ZRXUSDT,SELL,LIMIT,1701053088286,24.9,0.3852
ZRXUSDT,SELL,LIMIT,1701053089348,120.8,0.3852
ZRXUSDT,SELL,LIMIT,1701054312272,98.4,0.3851
ZRXUSDT,SELL,LIMIT,1701054371068,22.6,0.3849
ZRXUSDT,SELL,LIMIT,1701054375390,1198.6,0.3847
ZRXUSDT,SELL,LIMIT,1701054388115,2010.6,0.3844
ZRXUSDT,SELL,LIMIT,1701054389322,393.7,0.3845
ZRXUSDT,SELL,LIMIT,1701054397057,1142.2,0.3844
ZRXUSDT,SELL,LIMIT,1701054398110,492.5,0.3839
ZRXUSDT,SELL,LIMIT,1701054399415,749.6,0.3840
ZRXUSDT,SELL,LIMIT,1701054440814,500.0,0.3843
ZRXUSDT,SELL,LIMIT,1701054484043,1144.4,0.3834
ZRXUSDT,SELL,LIMIT,1701054485127,96.0,0.3831
ZRXUSDT,SELL,LIMIT,1701054959531,32.9,0.3830
ZRXUSDT,SELL,LIMIT,1701054975154,2685.3,0.3829
ZRXUSDT,SELL,LIMIT,1701054976283,974.5,0.3829
ZRXUSDT,SELL,LIMIT,1701054997183,73.2,0.3825
ZRXUSDT,SELL,LIMIT,1701054998379,27.7,0.3821
ZRXUSDT,SELL,LIMIT,1701055004549,23.5,0.3820
ZRXUSDT,SELL,LIMIT,1701055062792,49.8,0.3822
ZRXUSDT,SELL,LIMIT,1701055080560,4672.8,0.3823
ZRXUSDT,SELL,LIMIT,1701055196758,54.1,0.3820
ZRXUSDT,SELL,LIMIT,1701055201803,14228.9,0.3815
ZRXUSDT,SELL,LIMIT,1701055217193,1723.4,0.3816
ZRXUSDT,SELL,LIMIT,1701055229930,6694.4,0.3813
ZRXUSDT,SELL,LIMIT,1701055232272,1099.2,0.3810
ZRXUSDT,SELL,LIMIT,1701055233482,54.1,0.3810
ZRXUSDT,SELL,LIMIT,1701055234941,105.7,0.3808
ZRXUSDT,SELL,LIMIT,1701055608557,302.9,0.3813
ZRXUSDT,SELL,LIMIT,1701055632766,30000.0,0.3792
ZRXUSDT,SELL,LIMIT,1701055753390,149.2,0.3807
ZRXUSDT,SELL,LIMIT,1701055756978,3083.4,0.3807
ZRXUSDT,SELL,LIMIT,1701056011288,1267.4,0.3812
ZRXUSDT,SELL,LIMIT,1701056070115,27.5,0.3806
ZRXUSDT,SELL,LIMIT,1701056084499,586.6,0.3806
ZRXUSDT,SELL,LIMIT,1701056092323,604.3,0.3805
ZRXUSDT,SELL,LIMIT,1701056105959,163.0,0.3803
ZRXUSDT,SELL,LIMIT,1701056118180,355.4,0.3801
ZRXUSDT,SELL,LIMIT,1701056119344,108.0,0.3801
ZRXUSDT,SELL,LIMIT,1701056123902,781.7,0.3800
ZRXUSDT,SELL,LIMIT,1701056128983,139.3,0.3799
ZRXUSDT,SELL,LIMIT,1701056137667,46.8,0.3800
ZRXUSDT,SELL,LIMIT,1701056138913,7699.0,0.3800
ZRXUSDT,SELL,LIMIT,1701056144139,9927.8,0.3798
ZRXUSDT,SELL,LIMIT,1701056174882,3258.7,0.3790
ZRXUSDT,SELL,LIMIT,1701056176212,2033.5,0.3786
ZRXUSDT,SELL,LIMIT,1701056177936,13438.0,0.3784
ZRXUSDT,SELL,LIMIT,1701056249112,247.0,0.3790
