Symbol,Side,Order Type,Time,Quantity,Price
ZRXUSDT,SELL,LIMIT,1700856708037,335.6,0.4235
ZRXUSDT,BUY,LIMIT,1700859224673,137.9,0.4428
ZRXUSDT,BUY,LIMIT,1700859398268,336.6,0.4442
ZRXUSDT,SELL,LIMIT,1700861208051,1036.7,0.4268
ZRXUSDT,SELL,LIMIT,1700861213360,21.4,0.4268
ZRXUSDT,SELL,LIMIT,1700867180117,117.9,0.4245
ZRXUSDT,SELL,LIMIT,1700867287935,10000.0,0.4233
ZRXUSDT,BUY,LIMIT,1700868173511,265.0,0.4377
ZRXUSDT,BUY,LIMIT,1700870916113,250.0,0.4455
ZRXUSDT,BUY,LIMIT,1700870955299,616.5,0.4473
ZRXUSDT,BUY,LIMIT,1700870978468,308.2,0.4488
ZRXUSDT,BUY,LIMIT,1700870985369,83.5,0.4490
ZRXUSDT,BUY,LIMIT,1700870987042,5668.9,0.4497
ZRXUSDT,SELL,LIMIT,1700872677284,5868.1,0.4242
ZRXUSDT,SELL,LIMIT,1700876216510,48.5,0.4233
ZRXUSDT,BUY,LIMIT,1700877272222,14.8,0.4375
ZRXUSDT,BUY,LIMIT,1700879447158,12.1,0.4404
ZRXUSDT,SELL,LIMIT,1700879754387,4194.5,0.4248
ZRXUSDT,SELL,LIMIT,1700887224129,1132.4,0.4230
ZRXUSDT,SELL,LIMIT,1700891576340,1566.2,0.4203
ZRXUSDT,SELL,LIMIT,1700894134189,361.6,0.4200
ZRXUSDT,SELL,LIMIT,1700894289174,166.3,0.4195
ZRXUSDT,SELL,LIMIT,1700895204233,4286.0,0.4183
ZRXUSDT,SELL,LIMIT,1700895303170,107.6,0.4179
ZRXUSDT,SELL,LIMIT,1700895320914,12.1,0.4171
ZRXUSDT,SELL,LIMIT,1700897342369,1591.0,0.4166
ZRXUSDT,SELL,LIMIT,1700909037434,453.8,0.4173
ZRXUSDT,SELL,LIMIT,1700911145111,923.1,0.4158
ZRXUSDT,SELL,LIMIT,1700912214411,20.6,0.4144
ZRXUSDT,SELL,LIMIT,1700912220415,23.9,0.4142
ZRXUSDT,SELL,LIMIT,1700912291056,225.0,0.4136
ZRXUSDT,SELL,LIMIT,1700912295464,5423.2,0.4133
ZRXUSDT,SELL,LIMIT,1700912425389,284.4,0.4132
ZRXUSDT,SELL,LIMIT,1700912457653,292.5,0.4131
ZRXUSDT,SELL,LIMIT,1700912494308,1143.0,0.4131
ZRXUSDT,SELL,LIMIT,1700912503485,3319.8,0.4130
ZRXUSDT,SELL,LIMIT,1700912594486,139.1,0.4126
ZRXUSDT,SELL,LIMIT,1700912662975,374.3,0.4126
ZRXUSDT,SELL,LIMIT,1700912666475,40.0,0.4122
ZRXUSDT,SELL,LIMIT,1700912668427,1856.5,0.4120
ZRXUSDT,SELL,LIMIT,1700912670416,2796.4,0.4118
ZRXUSDT,SELL,LIMIT,1700916425495,611.6,0.4164
ZRXUSDT,BUY,LIMIT,1700919109821,18.7,0.4304
ZRXUSDT,SELL,LIMIT,1700919895579,71.8,0.4186
