Symbol,Side,Order Type,Time,Quantity,Price
ZRXUSDT,SELL,LIMIT,1701918383783,304.7,0.3995
ZRXUSDT,BUY,LIMIT,1701924279012,978.3,0.4177
ZRXUSDT,SELL,LIMIT,1701937365926,605.9,0.4014
ZRXUSDT,SELL,LIMIT,1701937496358,51.0,0.4010
ZRXUSDT,SELL,LIMIT,1701937910680,1073.0,0.3995
ZRXUSDT,SELL,LIMIT,1701939368178,1181.5,0.3990
ZRXUSDT,SELL,LIMIT,1701939570318,140.6,0.3970
ZRXUSDT,SELL,LIMIT,1701939973114,800.5,0.3966
ZRXUSDT,SELL,LIMIT,1701940024707,2822.8,0.3958
ZRXUSDT,SELL,LIMIT,1701940027362,390.5,0.3956
ZRXUSDT,SELL,LIMIT,1701940029058,188.9,0.3956
ZRXUSDT,SELL,LIMIT,1701940559226,155.8,0.3937
ZRXUSDT,SELL,LIMIT,1701940561567,12.5,0.3936
ZRXUSDT,SELL,LIMIT,1701940564261,160.2,0.3933
ZRXUSDT,SELL,LIMIT,1701941113315,102.0,0.3917
ZRXUSDT,SELL,LIMIT,1701941151522,418.1,0.3914
ZRXUSDT,SELL,LIMIT,1701941154388,469.7,0.3913
ZRXUSDT,SELL,LIMIT,1701941160768,86.9,0.3908
ZRXUSDT,SELL,LIMIT,1701941169099,10798.4,0.3906
ZRXUSDT,SELL,LIMIT,1701941179253,23.6,0.3900
ZRXUSDT,SELL,LIMIT,1701941180852,2437.2,0.3899
ZRXUSDT,SELL,LIMIT,1701941183407,48.0,0.3898
ZRXUSDT,SELL,LIMIT,1701941187111,4733.3,0.3893
ZRXUSDT,SELL,LIMIT,1701941188504,1293.5,0.3890
ZRXUSDT,SELL,LIMIT,1701941189658,31.6,0.3883
ZRXUSDT,SELL,LIMIT,1701949117207,12.7,0.3947
ZRXUSDT,SELL,LIMIT,1701949706326,934.0,0.3933
ZRXUSDT,BUY,LIMIT,1701953976590,0.1,0.4096
ZRXUSDT,BUY,LIMIT,1701960915409,259.0,0.4079
ZRXUSDT,BUY,LIMIT,1701962843023,248.1,0.4107
ZRXUSDT,BUY,LIMIT,1701966209820,367.1,0.4163
ZRXUSDT,BUY,LIMIT,1701966806059,29.3,0.4168
ZRXUSDT,BUY,LIMIT,1701968410370,609.3,0.4184
ZRXUSDT,BUY,LIMIT,1701968413836,20596.5,0.4204
ZRXUSDT,SELL,LIMIT,1701969523292,130.0,0.4053
ZRXUSDT,SELL,LIMIT,1701970992022,12304.4,0.4035
ZRXUSDT,SELL,LIMIT,1701971365219,145.2,0.4034
ZRXUSDT,SELL,LIMIT,1701974279341,12.5,0.4019
ZRXUSDT,SELL,LIMIT,1702003270199,1429.9,0.4004
ZRXUSDT,BUY,LIMIT,1702016154089,831.3,0.4232
ZRXUSDT,BUY,LIMIT,1702019046150,0.4,0.4234
ZRXUSDT,SELL,LIMIT,1702019488200,100.0,0.4090
ZRXUSDT,BUY,LIMIT,1702028624069,15.8,0.4255
ZRXUSDT,SELL,LIMIT,1702037074754,12.3,0.4110
ZRXUSDT,SELL,LIMIT,1702040789463,598.8,0.4103
ZRXUSDT,SELL,LIMIT,1702042235162,11990.1,0.4086
ZRXUSDT,SELL,LIMIT,1702042237367,1541.1,0.4084
ZRXUSDT,SELL,LIMIT,1702043677838,17.1,0.4184
ZRXUSDT,BUY,LIMIT,1702045729969,23.2,0.4259
ZRXUSDT,BUY,LIMIT,1702047020319,112.7,0.4265
ZRXUSDT,BUY,LIMIT,1702047063271,12.1,0.4280
ZRXUSDT,BUY,LIMIT,1702047169867,36.6,0.4303
ZRXUSDT,BUY,LIMIT,1702047420610,14.2,0.4316
ZRXUSDT,BUY,LIMIT,1702047704617,74.5,0.4346
ZRXUSDT,SELL,LIMIT,1702049210313,47.1,0.4186
ZRXUSDT,SELL,LIMIT,1702051184086,47.3,0.4181
ZRXUSDT,SELL,LIMIT,1702051203609,12.9,0.4181
ZRXUSDT,BUY,LIMIT,1702051386072,637.5,0.4332
ZRXUSDT,BUY,LIMIT,1702051512450,670.0,0.4317
ZRXUSDT,BUY,LIMIT,1702052161449,119.9,0.4336
ZRXUSDT,BUY,LIMIT,1702052564141,77.7,0.4353
ZRXUSDT,BUY,LIMIT,1702054214356,72.7,0.4326
ZRXUSDT,SELL,LIMIT,1702055269489,2020.4,0.4235
ZRXUSDT,BUY,LIMIT,1702056085398,2071.5,0.4316
ZRXUSDT,BUY,LIMIT,1702067128246,46.0,0.4336
ZRXUSDT,BUY,LIMIT,1702069078918,116.5,0.4344
ZRXUSDT,SELL,LIMIT,1702070681827,230.2,0.4192
ZRXUSDT,SELL,LIMIT,1702074268949,1075.6,0.4214
ZRXUSDT,BUY,LIMIT,1702075511201,124.0,0.4323
ZRXUSDT,BUY,LIMIT,1702077663931,48.5,0.4336
ZRXUSDT,BUY,LIMIT,1702078113292,741.2,0.4366
ZRXUSDT,BUY,LIMIT,1702078148148,236.2,0.4371
ZRXUSDT,BUY,LIMIT,1702078548839,2215.7,0.4374
ZRXUSDT,SELL,LIMIT,1702079449621,939.4,0.4244
ZRXUSDT,BUY,LIMIT,1702080152333,79.3,0.4372
ZRXUSDT,BUY,LIMIT,1702080321234,3000.0,0.4382
ZRXUSDT,BUY,LIMIT,1702081388454,40.1,0.4378
ZRXUSDT,BUY,LIMIT,1702082003766,1241.8,0.4396
ZRXUSDT,BUY,LIMIT,1702082111316,1358.8,0.4398
ZRXUSDT,BUY,LIMIT,1702082974938,121.0,0.4396
ZRXUSDT,BUY,LIMIT,1702083491308,123.0,0.4392
ZRXUSDT,SELL,LIMIT,1702083866227,29.9,0.5507
ZRXUSDT,SELL,LIMIT,1702084089255,70.0,0.4229
ZRXUSDT,SELL,LIMIT,1702084202344,2533.4,0.4215
ZRXUSDT,SELL,LIMIT,1702084210379,6051.4,0.4211
ZRXUSDT,SELL,LIMIT,1702084803694,29.9,0.4246
ZRXUSDT,BUY,LIMIT,1702085757188,58.6,0.4394
ZRXUSDT,BUY,LIMIT,1702085802434,44.7,0.4402
ZRXUSDT,BUY,LIMIT,1702086497656,8592.6,0.4399
ZRXUSDT,SELL,LIMIT,1702088205056,4827.4,0.4250
ZRXUSDT,BUY,LIMIT,1702088667293,59.2,0.4406
ZRXUSDT,BUY,LIMIT,1702088735070,501.0,0.4408
ZRXUSDT,BUY,LIMIT,1702090555803,86.4,0.4429
ZRXUSDT,BUY,LIMIT,1702090720355,65.1,0.4435
ZRXUSDT,BUY,LIMIT,1702090874036,56.7,0.4449
ZRXUSDT,BUY,LIMIT,1702091759900,30.2,0.4463
ZRXUSDT,SELL,LIMIT,1702091929024,100.0,0.4322
ZRXUSDT,BUY,LIMIT,1702092204008,492.2,0.4459
ZRXUSDT,BUY,LIMIT,1702095105143,2543.2,0.4489
ZRXUSDT,BUY,LIMIT,1702095493785,1589.8,0.4522
ZRXUSDT,BUY,LIMIT,1702095558568,86.9,0.4533
ZRXUSDT,BUY,LIMIT,1702095603776,7691.7,0.4535
ZRXUSDT,BUY,LIMIT,1702095618051,1323.7,0.4538
ZRXUSDT,BUY,LIMIT,1702096358528,228.7,0.4542
ZRXUSDT,SELL,LIMIT,1702097043870,910.4,0.4388
ZRXUSDT,BUY,LIMIT,1702097212156,123.7,0.4518
ZRXUSDT,SELL,LIMIT,1702097839372,337.1,0.4362
ZRXUSDT,BUY,LIMIT,1702099075118,470.0,0.4476
ZRXUSDT,SELL,LIMIT,1702099493470,11312.2,0.4333
ZRXUSDT,BUY,LIMIT,1702102714559,3402.9,0.4493
ZRXUSDT,BUY,LIMIT,1702102913357,2347.1,0.4548
ZRXUSDT,BUY,LIMIT,1702103376622,49.2,0.4554
ZRXUSDT,SELL,LIMIT,1702103529211,518.0,0.4432
ZRXUSDT,BUY,LIMIT,1702103600472,106.2,0.4552
ZRXUSDT,SELL,LIMIT,1702107347080,758.4,0.4363
ZRXUSDT,BUY,LIMIT,1702109010082,225.0,0.4517
ZRXUSDT,BUY,LIMIT,1702109244834,70.8,0.4518
ZRXUSDT,BUY,LIMIT,1702110088970,369.2,0.4514
ZRXUSDT,SELL,LIMIT,1702110812255,2479.1,0.4348
ZRXUSDT,SELL,LIMIT,1702110885548,230.4,0.4331
ZRXUSDT,SELL,LIMIT,1702110906544,520.0,0.4324
ZRXUSDT,SELL,LIMIT,1702110913489,163.7,0.4320
ZRXUSDT,SELL,LIMIT,1702110920751,242.9,0.4320
ZRXUSDT,SELL,LIMIT,1702110972207,1997.7,0.4307
ZRXUSDT,SELL,LIMIT,1702110983523,562.1,0.4294
ZRXUSDT,SELL,LIMIT,1702111028755,8484.1,0.4274
ZRXUSDT,SELL,LIMIT,1702111035735,91.0,0.4272
ZRXUSDT,SELL,LIMIT,1702111037248,359.2,0.4266
ZRXUSDT,SELL,LIMIT,1702111041987,17859.5,0.4249
ZRXUSDT,SELL,LIMIT,1702111043530,641.2,0.4260
ZRXUSDT,SELL,LIMIT,1702111044675,4527.2,0.4262
ZRXUSDT,SELL,LIMIT,1702111048519,1475.9,0.4256
ZRXUSDT,SELL,LIMIT,1702111202016,2970.3,0.4250
ZRXUSDT,SELL,LIMIT,1702111203439,185.4,0.4244
ZRXUSDT,SELL,LIMIT,1702111385174,1632.8,0.4234
ZRXUSDT,SELL,LIMIT,1702111387231,2276.2,0.4220
ZRXUSDT,SELL,LIMIT,1702111388382,1061.0,0.4216
ZRXUSDT,SELL,LIMIT,1702111389421,483.1,0.4210
ZRXUSDT,SELL,LIMIT,1702112072483,6753.9,0.4283
ZRXUSDT,SELL,LIMIT,1702112854542,1374.5,0.4279
ZRXUSDT,SELL,LIMIT,1702112856608,2302.5,0.4278
ZRXUSDT,BUY,LIMIT,1702114251124,0.2,0.4449
ZRXUSDT,BUY,LIMIT,1702118165603,14.4,0.4450
ZRXUSDT,BUY,LIMIT,1702129659756,1015.7,0.4474
ZRXUSDT,BUY,LIMIT,1702131070287,660.5,0.4476
ZRXUSDT,SELL,LIMIT,1702133002254,671.2,0.4275
ZRXUSDT,SELL,LIMIT,1702133004888,1502.8,0.4267
ZRXUSDT,SELL,LIMIT,1702138953558,177.6,0.4323
ZRXUSDT,SELL,LIMIT,1702139275425,1165.9,0.4293
ZRXUSDT,SELL,LIMIT,1702139286202,486.7,0.4287
ZRXUSDT,SELL,LIMIT,1702141640103,200.8,0.4282
ZRXUSDT,SELL,LIMIT,1702141678581,3074.0,0.4276
ZRXUSDT,SELL,LIMIT,1702141853303,30.4,0.4241
ZRXUSDT,SELL,LIMIT,1702141859650,297.5,0.4237
ZRXUSDT,SELL,LIMIT,1702144802112,111.5,0.4259
ZRXUSDT,BUY,LIMIT,1702145294877,2896.9,0.4415
ZRXUSDT,SELL,LIMIT,1702152815945,3325.9,0.4272
ZRXUSDT,SELL,LIMIT,1702153013447,133.4,0.4255
ZRXUSDT,SELL,LIMIT,1702153645431,79.6,0.4265
ZRXUSDT,SELL,LIMIT,1702156361514,5349.0,0.4242
ZRXUSDT,SELL,LIMIT,1702156373321,185.2,0.4240
ZRXUSDT,SELL,LIMIT,1702162580380,886.2,0.4271
ZRXUSDT,SELL,LIMIT,1702164209250,6282.3,0.4266
ZRXUSDT,SELL,LIMIT,1702164240970,408.4,0.4253
ZRXUSDT,SELL,LIMIT,1702164296448,41.8,0.4258
ZRXUSDT,SELL,LIMIT,1702164543435,385.4,0.4249
ZRXUSDT,SELL,LIMIT,1702164687078,1247.1,0.4238
ZRXUSDT,SELL,LIMIT,1702164747118,1307.8,0.4237
ZRXUSDT,SELL,LIMIT,1702164748347,229.5,0.4233
ZRXUSDT,SELL,LIMIT,1702164750746,400.5,0.4234
ZRXUSDT,SELL,LIMIT,1702164792046,45.1,0.4222
ZRXUSDT,SELL,LIMIT,1702164798263,56561.0,0.4187
ZRXUSDT,SELL,LIMIT,1702164799726,3937.1,0.4220
ZRXUSDT,SELL,LIMIT,1702164800922,11.6,0.4214
ZRXUSDT,SELL,LIMIT,1702164802367,300.0,0.4212
ZRXUSDT,SELL,LIMIT,1702164804312,619.3,0.4206
ZRXUSDT,SELL,LIMIT,1702164807325,11058.5,0.4201
ZRXUSDT,SELL,LIMIT,1702164808548,11.3,0.4201
ZRXUSDT,SELL,LIMIT,1702164810409,56.0,0.4192
ZRXUSDT,SELL,LIMIT,1702164811426,58.6,0.4189
ZRXUSDT,SELL,LIMIT,1702164813602,1199.6,0.4200
ZRXUSDT,SELL,LIMIT,1702164816324,2333.6,0.4191
ZRXUSDT,SELL,LIMIT,1702164839223,2818.4,0.4206
ZRXUSDT,SELL,LIMIT,1702164868370,6050.0,0.4196
ZRXUSDT,BUY,LIMIT,1702176131574,17.0,0.4463
ZRXUSDT,SELL,LIMIT,1702176228833,4190.3,0.4330
ZRXUSDT,BUY,LIMIT,1702176558964,1987.7,0.4509
ZRXUSDT,BUY,LIMIT,1702176618451,8548.1,0.4539
ZRXUSDT,SELL,LIMIT,1702176934243,2605.5,0.4363
ZRXUSDT,SELL,LIMIT,1702178192300,5850.3,0.4341
ZRXUSDT,SELL,LIMIT,1702179523438,968.2,0.4324
ZRXUSDT,BUY,LIMIT,1702184051305,21.1,0.4519
ZRXUSDT,SELL,LIMIT,1702187568562,38.7,0.4339
ZRXUSDT,SELL,LIMIT,1702192228310,1033.9,0.4306
ZRXUSDT,SELL,LIMIT,1702192232228,39.3,0.4306
ZRXUSDT,SELL,LIMIT,1702192233510,1275.2,0.4306
ZRXUSDT,SELL,LIMIT,1702192697060,2609.9,0.4298
ZRXUSDT,SELL,LIMIT,1702192726141,1044.2,0.4293
ZRXUSDT,SELL,LIMIT,1702193405351,289.5,0.4287
ZRXUSDT,SELL,LIMIT,1702196558650,1687.6,0.4276
ZRXUSDT,SELL,LIMIT,1702196680119,1856.5,0.4267
ZRXUSDT,SELL,LIMIT,1702196786094,37.3,0.4259
ZRXUSDT,SELL,LIMIT,1702196803607,129.0,0.4255
ZRXUSDT,SELL,LIMIT,1702196965081,290.9,0.4254
ZRXUSDT,SELL,LIMIT,1702197054332,28.2,0.4249
ZRXUSDT,SELL,LIMIT,1702197905418,11.6,0.4232
ZRXUSDT,SELL,LIMIT,1702198491469,237.2,0.4226
ZRXUSDT,SELL,LIMIT,1702198497971,37.9,0.4224
ZRXUSDT,SELL,LIMIT,1702198783298,172.5,0.4222
ZRXUSDT,SELL,LIMIT,1702198784370,450.2,0.4222
ZRXUSDT,SELL,LIMIT,1702198895318,79.2,0.4217
ZRXUSDT,SELL,LIMIT,1702199624600,158.2,0.4216
ZRXUSDT,SELL,LIMIT,1702199626788,45.9,0.4214
ZRXUSDT,SELL,LIMIT,1702200240484,1301.4,0.4205
ZRXUSDT,SELL,LIMIT,1702200300691,4336.4,0.4203
ZRXUSDT,SELL,LIMIT,1702200385551,226.5,0.4194
ZRXUSDT,SELL,LIMIT,1702200400073,22.4,0.4193
ZRXUSDT,SELL,LIMIT,1702200501627,2043.1,0.4187
ZRXUSDT,SELL,LIMIT,1702200506706,65.6,0.4186
ZRXUSDT,SELL,LIMIT,1702200518566,28.6,0.4185
ZRXUSDT,SELL,LIMIT,1702200731423,2318.8,0.4175
ZRXUSDT,SELL,LIMIT,1702200764560,1373.2,0.4165
ZRXUSDT,SELL,LIMIT,1702200795093,113.9,0.4166
ZRXUSDT,SELL,LIMIT,1702200875559,83.5,0.4160
ZRXUSDT,SELL,LIMIT,1702200879649,1894.7,0.4157
ZRXUSDT,SELL,LIMIT,1702200898619,22.8,0.4152
ZRXUSDT,SELL,LIMIT,1702200911653,704.9,0.4152
ZRXUSDT,SELL,LIMIT,1702200930639,45.3,0.4147
ZRXUSDT,SELL,LIMIT,1702200932421,4591.3,0.4143
ZRXUSDT,SELL,LIMIT,1702201409782,1000.0,0.4141
ZRXUSDT,SELL,LIMIT,1702201431192,1272.2,0.4141
ZRXUSDT,SELL,LIMIT,1702201475650,106.2,0.4138
ZRXUSDT,SELL,LIMIT,1702201477191,348.2,0.4136
ZRXUSDT,SELL,LIMIT,1702201478410,919.4,0.4134
ZRXUSDT,SELL,LIMIT,1702201487177,3366.2,0.4134
ZRXUSDT,SELL,LIMIT,1702202076781,4082.4,0.4128
ZRXUSDT,SELL,LIMIT,1702202081597,545.4,0.4127
ZRXUSDT,SELL,LIMIT,1702202086074,11884.9,0.4124
ZRXUSDT,SELL,LIMIT,1702202157303,5868.5,0.4120
ZRXUSDT,SELL,LIMIT,1702202158327,4574.2,0.4116
ZRXUSDT,SELL,LIMIT,1702202250152,668.8,0.4112
ZRXUSDT,SELL,LIMIT,1702202253402,115.5,0.4112
ZRXUSDT,SELL,LIMIT,1702202263233,313.7,0.4113
ZRXUSDT,SELL,LIMIT,1702202280490,6790.4,0.4109
ZRXUSDT,SELL,LIMIT,1702202284305,343.9,0.4106
ZRXUSDT,SELL,LIMIT,1702202295346,12310.5,0.4102
ZRXUSDT,SELL,LIMIT,1702202297080,1450.0,0.4100
ZRXUSDT,SELL,LIMIT,1702202318310,408.2,0.4098
ZRXUSDT,SELL,LIMIT,1702202321108,1135.1,0.4096
ZRXUSDT,SELL,LIMIT,1702202324362,2041.2,0.4092
ZRXUSDT,SELL,LIMIT,1702202365262,830.7,0.4092
ZRXUSDT,SELL,LIMIT,1702202373183,3046.6,0.4085
ZRXUSDT,SELL,LIMIT,1702202374318,9643.5,0.4083
ZRXUSDT,SELL,LIMIT,1702202375498,61.1,0.4077
ZRXUSDT,SELL,LIMIT,1702202376607,695.4,0.4074
ZRXUSDT,SELL,LIMIT,1702202380131,408.2,0.4070
ZRXUSDT,SELL,LIMIT,1702202389578,1237.4,0.4071
ZRXUSDT,SELL,LIMIT,1702202399165,105.7,0.4068
ZRXUSDT,SELL,LIMIT,1702202400538,3496.1,0.4069
ZRXUSDT,SELL,LIMIT,1702202401703,2912.6,0.4064
ZRXUSDT,BUY,LIMIT,1702202551634,15.1,0.4214
ZRXUSDT,BUY,LIMIT,1702210660140,322.6,0.4281
ZRXUSDT,SELL,LIMIT,1702218880265,167.3,0.4131
ZRXUSDT,SELL,LIMIT,1702228852111,139.0,0.4109
ZRXUSDT,SELL,LIMIT,1702229224935,11933.1,0.4108
ZRXUSDT,SELL,LIMIT,1702230122959,45.7,0.4102
ZRXUSDT,SELL,LIMIT,1702239821168,158.1,0.4177
ZRXUSDT,BUY,LIMIT,1702239871293,102.0,0.4276
ZRXUSDT,SELL,LIMIT,1702240742022,208.6,0.4155
ZRXUSDT,BUY,LIMIT,1702240794217,11.7,0.4283
ZRXUSDT,BUY,LIMIT,1702241346357,212.1,0.4290
ZRXUSDT,SELL,LIMIT,1702245170233,96.1,0.4162
ZRXUSDT,SELL,LIMIT,1702245704865,4357.9,0.4141
ZRXUSDT,SELL,LIMIT,1702250300184,251.3,0.4129
ZRXUSDT,SELL,LIMIT,1702250305384,360.9,0.4127
ZRXUSDT,SELL,LIMIT,1702253852437,2354.8,0.4125
ZRXUSDT,SELL,LIMIT,1702255380291,455.0,0.4109
ZRXUSDT,SELL,LIMIT,1702255971157,2910.6,0.4092
ZRXUSDT,SELL,LIMIT,1702256183555,119.9,0.4081
ZRXUSDT,SELL,LIMIT,1702256327842,452.9,0.4077
ZRXUSDT,SELL,LIMIT,1702256500285,457.6,0.4065
ZRXUSDT,SELL,LIMIT,1702256503746,3075.1,0.4064
ZRXUSDT,SELL,LIMIT,1702256567076,572.9,0.4062
ZRXUSDT,SELL,LIMIT,1702256573433,803.3,0.4060
ZRXUSDT,SELL,LIMIT,1702256575803,11.8,0.4058
ZRXUSDT,SELL,LIMIT,1702256578257,849.3,0.4055
ZRXUSDT,SELL,LIMIT,1702256613114,6939.9,0.4050
ZRXUSDT,SELL,LIMIT,1702256661354,522.1,0.4044
ZRXUSDT,SELL,LIMIT,1702256911359,1550.6,0.4031
ZRXUSDT,SELL,LIMIT,1702256914853,5935.4,0.4022
ZRXUSDT,SELL,LIMIT,1702256917416,1906.4,0.4021
ZRXUSDT,SELL,LIMIT,1702256919038,48.7,0.4019
ZRXUSDT,SELL,LIMIT,1702257008417,473.3,0.4017
ZRXUSDT,SELL,LIMIT,1702257013440,45235.3,0.3985
ZRXUSDT,BUY,LIMIT,1702257798396,12195.1,0.4181
ZRXUSDT,SELL,LIMIT,1702260285637,7635.0,0.4043
ZRXUSDT,SELL,LIMIT,1702260430641,21400.8,0.4017
ZRXUSDT,SELL,LIMIT,1702260431648,1360.3,0.4018
ZRXUSDT,SELL,LIMIT,1702260434786,7350.7,0.4014
ZRXUSDT,SELL,LIMIT,1702260436345,8823.0,0.4012
ZRXUSDT,SELL,LIMIT,1702260437604,167.3,0.4008
ZRXUSDT,SELL,LIMIT,1702260438907,13.4,0.4008
ZRXUSDT,SELL,LIMIT,1702260439933,114.6,0.4005
ZRXUSDT,SELL,LIMIT,1702260443169,3417.8,0.4001
ZRXUSDT,SELL,LIMIT,1702260616717,1917.4,0.4001
ZRXUSDT,SELL,LIMIT,1702260617963,3687.1,0.4000
ZRXUSDT,SELL,LIMIT,1702260619209,37.6,0.3997
ZRXUSDT,SELL,LIMIT,1702260623140,447.9,0.3996
ZRXUSDT,SELL,LIMIT,1702260625198,86.8,0.3994
ZRXUSDT,SELL,LIMIT,1702260626288,138.2,0.3993
ZRXUSDT,SELL,LIMIT,1702260627970,344.3,0.3991
ZRXUSDT,SELL,LIMIT,1702260630454,4271.6,0.3986
ZRXUSDT,SELL,LIMIT,1702260631463,3053.1,0.3982
ZRXUSDT,SELL,LIMIT,1702260632584,95.4,0.3977
ZRXUSDT,SELL,LIMIT,1702260633885,1150.1,0.3972
ZRXUSDT,SELL,LIMIT,1702260637248,971.2,0.3964
ZRXUSDT,SELL,LIMIT,1702260664946,78.2,0.3972
ZRXUSDT,SELL,LIMIT,1702260667939,886.3,0.3970
ZRXUSDT,SELL,LIMIT,1702260693143,13.1,0.3971
ZRXUSDT,SELL,LIMIT,1702260697577,862.5,0.3964
ZRXUSDT,SELL,LIMIT,1702260699214,1186.6,0.3960
ZRXUSDT,SELL,LIMIT,1702260701954,937.6,0.3960
ZRXUSDT,SELL,LIMIT,1702260708244,787.1,0.3959
ZRXUSDT,SELL,LIMIT,1702260709769,269.6,0.3953
ZRXUSDT,SELL,LIMIT,1702260711358,4939.2,0.3949
ZRXUSDT,SELL,LIMIT,1702260713483,414.6,0.3947
ZRXUSDT,SELL,LIMIT,1702260714798,51.1,0.3947
ZRXUSDT,SELL,LIMIT,1702260715831,28171.9,0.3924
ZRXUSDT,SELL,LIMIT,1702260717470,393.3,0.3937
ZRXUSDT,SELL,LIMIT,1702260718665,1444.0,0.3936
ZRXUSDT,SELL,LIMIT,1702260719899,1889.7,0.3926
ZRXUSDT,SELL,LIMIT,1702260721416,11373.5,0.3919
ZRXUSDT,SELL,LIMIT,1702260723674,299.8,0.3915
ZRXUSDT,SELL,LIMIT,1702260724708,10910.3,0.3906
ZRXUSDT,SELL,LIMIT,1702260725903,93.0,0.3905
ZRXUSDT,SELL,LIMIT,1702260727430,883.8,0.3903
ZRXUSDT,SELL,LIMIT,1702260728554,25522.4,0.3882
ZRXUSDT,SELL,LIMIT,1702260730082,4356.6,0.3892
ZRXUSDT,SELL,LIMIT,1702260731284,7400.0,0.3879
ZRXUSDT,SELL,LIMIT,1702260732994,730.5,0.3876
ZRXUSDT,SELL,LIMIT,1702260735380,1034.5,0.3870
ZRXUSDT,SELL,LIMIT,1702260736420,701.6,0.3869
ZRXUSDT,SELL,LIMIT,1702260737414,8115.9,0.3860
ZRXUSDT,SELL,LIMIT,1702260738589,2991.1,0.3860
ZRXUSDT,SELL,LIMIT,1702260740035,100.0,0.3902
ZRXUSDT,SELL,LIMIT,1702260741062,19780.0,0.3846
ZRXUSDT,SELL,LIMIT,1702260742066,214.4,0.3850
ZRXUSDT,SELL,LIMIT,1702260743617,1480.0,0.3844
ZRXUSDT,SELL,LIMIT,1702260744695,18760.4,0.3825
ZRXUSDT,SELL,LIMIT,1702260745788,45.7,0.3811
ZRXUSDT,SELL,LIMIT,1702260746793,3575.5,0.3791
ZRXUSDT,SELL,LIMIT,1702260747870,75.1,0.3789
ZRXUSDT,SELL,LIMIT,1702260748973,47.6,0.3798
ZRXUSDT,SELL,LIMIT,1702260750259,2437.4,0.3789
ZRXUSDT,SELL,LIMIT,1702260751431,129.7,0.3784
ZRXUSDT,SELL,LIMIT,1702260752476,1733.8,0.3784
ZRXUSDT,SELL,LIMIT,1702260753551,6231.4,0.3778
ZRXUSDT,SELL,LIMIT,1702260754709,19452.9,0.3768
ZRXUSDT,SELL,LIMIT,1702260756418,50.1,0.3775
ZRXUSDT,SELL,LIMIT,1702260757645,492.4,0.3766
ZRXUSDT,SELL,LIMIT,1702260758686,1209.4,0.3770
ZRXUSDT,SELL,LIMIT,1702260759804,68.6,0.3754
ZRXUSDT,SELL,LIMIT,1702260760844,4930.9,0.3753
ZRXUSDT,SELL,LIMIT,1702260762191,1000.0,0.3753
ZRXUSDT,SELL,LIMIT,1702260763391,24000.0,0.3767
ZRXUSDT,SELL,LIMIT,1702260764412,34.3,0.3726
ZRXUSDT,SELL,LIMIT,1702260765524,1204.8,0.3719
ZRXUSDT,SELL,LIMIT,1702260766476,2551.0,0.3724
ZRXUSDT,SELL,LIMIT,1702260767547,3643.5,0.3693
ZRXUSDT,SELL,LIMIT,1702260768600,48.6,0.3700
ZRXUSDT,SELL,LIMIT,1702260769615,7707.8,0.3712
ZRXUSDT,SELL,LIMIT,1702260770886,20.4,0.3712
ZRXUSDT,SELL,LIMIT,1702260771954,18.2,0.3679
ZRXUSDT,SELL,LIMIT,1702260773365,2.0,0.3688
ZRXUSDT,SELL,LIMIT,1702260774325,583.6,0.3670
ZRXUSDT,SELL,LIMIT,1702260775409,138.9,0.3859
ZRXUSDT,SELL,LIMIT,1702260776414,1283.3,0.3665
ZRXUSDT,SELL,LIMIT,1702260777483,81.9,0.3659
ZRXUSDT,SELL,LIMIT,1702260778522,2125.2,0.3646
ZRXUSDT,SELL,LIMIT,1702260779568,1500.0,0.3641
ZRXUSDT,SELL,LIMIT,1702260781357,63.5,0.3634
ZRXUSDT,SELL,LIMIT,1702260782401,1284.6,0.3634
ZRXUSDT,SELL,LIMIT,1702260783412,1000.0,0.3635
ZRXUSDT,SELL,LIMIT,1702260784534,5000.0,0.3602
ZRXUSDT,SELL,LIMIT,1702260785629,465.8,0.3604
ZRXUSDT,SELL,LIMIT,1702260786701,135.9,0.3601
ZRXUSDT,SELL,LIMIT,1702260787718,12.5,0.3591
ZRXUSDT,SELL,LIMIT,1702260788783,306.8,0.3591
ZRXUSDT,SELL,LIMIT,1702260789833,35.7,0.3572
ZRXUSDT,SELL,LIMIT,1702260790902,92.2,0.3788
ZRXUSDT,SELL,LIMIT,1702260791903,6574.6,0.3571
ZRXUSDT,SELL,LIMIT,1702260792979,47124.0,0.3565
ZRXUSDT,SELL,LIMIT,1702260793987,511.1,0.3531
ZRXUSDT,SELL,LIMIT,1702260795280,17.0,0.3529
ZRXUSDT,SELL,LIMIT,1702260796281,23.7,0.3530
ZRXUSDT,SELL,LIMIT,1702260797334,19.6,0.3527
ZRXUSDT,SELL,LIMIT,1702260798459,243.7,0.3527
ZRXUSDT,SELL,LIMIT,1702260799501,1585.6,0.3979
ZRXUSDT,SELL,LIMIT,1702260800535,98.0,0.3513
ZRXUSDT,SELL,LIMIT,1702260801637,2121.9,0.3510
ZRXUSDT,SELL,LIMIT,1702260802679,3037.0,0.3475
ZRXUSDT,SELL,LIMIT,1702260803689,166.2,0.3487
ZRXUSDT,SELL,LIMIT,1702260805040,2056.2,0.3481
ZRXUSDT,SELL,LIMIT,1702260806131,557.4,0.3478
ZRXUSDT,SELL,LIMIT,1702260807268,28.5,0.3463
ZRXUSDT,SELL,LIMIT,1702260808310,35.7,0.3467
ZRXUSDT,SELL,LIMIT,1702260809332,3494.0,0.3467
ZRXUSDT,SELL,LIMIT,1702260810439,37.7,0.3462
ZRXUSDT,SELL,LIMIT,1702260811517,2370.2,0.3455
ZRXUSDT,SELL,LIMIT,1702260812810,116.8,0.3455
ZRXUSDT,SELL,LIMIT,1702260814260,3669.0,0.3452
ZRXUSDT,SELL,LIMIT,1702260815421,58.3,0.3452
ZRXUSDT,SELL,LIMIT,1702260817085,526.7,0.3510
ZRXUSDT,SELL,LIMIT,1702260818209,58.8,0.3458
ZRXUSDT,SELL,LIMIT,1702260819376,90.1,0.3468
ZRXUSDT,BUY,LIMIT,1702260831807,869.6,0.3614
ZRXUSDT,BUY,LIMIT,1702260861356,37.7,0.3736
ZRXUSDT,SELL,LIMIT,1702260948874,56.1,0.3703
ZRXUSDT,SELL,LIMIT,1702260984156,3521.8,0.3683
ZRXUSDT,SELL,LIMIT,1702260985876,2158.7,0.3682
ZRXUSDT,SELL,LIMIT,1702262424176,10419.4,0.3755
ZRXUSDT,SELL,LIMIT,1702268502985,1411.6,0.3813
