Symbol,Side,Order Type,Time,Quantity,Price
ZRXUSDT,SELL,LIMIT,1701067856305,640.0,0.3828
ZRXUSDT,SELL,LIMIT,1701067863420,12.9,0.3826
ZRXUSDT,SELL,LIMIT,1701068114902,994.5,0.3818
ZRXUSDT,SELL,LIMIT,1701068995197,15.0,0.3821
ZRXUSDT,BUY,LIMIT,1701068996261,85.6,0.3937
ZRXUSDT,SELL,LIMIT,1701069518386,685.0,0.3805
ZRXUSDT,SELL,LIMIT,1701069523956,100.0,0.3806
ZRXUSDT,SELL,LIMIT,1701069635740,2450.8,0.3793
ZRXUSDT,SELL,LIMIT,1701069801188,2325.0,0.3781
ZRXUSDT,SELL,LIMIT,1701069802261,48.8,0.3782
ZRXUSDT,SELL,LIMIT,1701069809224,64.2,0.3782
ZRXUSDT,SELL,LIMIT,1701069810892,741.8,0.3785
ZRXUSDT,SELL,LIMIT,1701069832442,2484.3,0.3776
ZRXUSDT,SELL,LIMIT,1701069836712,2628.8,0.3774
ZRXUSDT,SELL,LIMIT,1701069838107,472.5,0.3770
ZRXUSDT,SELL,LIMIT,1701069842110,2551.2,0.3770
ZRXUSDT,SELL,LIMIT,1701069850334,25.8,0.3770
ZRXUSDT,SELL,LIMIT,1701069851935,9162.1,0.3769
ZRXUSDT,SELL,LIMIT,1701069859642,58.0,0.3767
ZRXUSDT,SELL,LIMIT,1701069884235,240.9,0.3758
ZRXUSDT,SELL,LIMIT,1701069901815,87.0,0.3754
ZRXUSDT,SELL,LIMIT,1701070435317,1669.6,0.3769
ZRXUSDT,SELL,LIMIT,1701070439512,240.6,0.3766
ZRXUSDT,SELL,LIMIT,1701074163329,103.4,0.3816
ZRXUSDT,SELL,LIMIT,1701074371183,6750.7,0.3816
ZRXUSDT,SELL,LIMIT,1701074467766,860.6,0.3814
ZRXUSDT,SELL,LIMIT,1701080955658,31.1,0.3788
ZRXUSDT,SELL,LIMIT,1701081434067,15477.8,0.3773
ZRXUSDT,SELL,LIMIT,1701081488037,2368.5,0.3768
ZRXUSDT,BUY,LIMIT,1701081499222,0.2,0.3881
ZRXUSDT,SELL,LIMIT,1701082606228,11021.7,0.3774
ZRXUSDT,SELL,LIMIT,1701082728100,1771.0,0.3751
ZRXUSDT,BUY,LIMIT,1701089348048,144.9,0.3940
ZRXUSDT,SELL,LIMIT,1701092455059,379.7,0.3806
ZRXUSDT,SELL,LIMIT,1701092526169,6962.5,0.3804
ZRXUSDT,SELL,LIMIT,1701092654625,47.0,0.3802
ZRXUSDT,BUY,LIMIT,1701093675367,306.7,0.3940
ZRXUSDT,SELL,LIMIT,1701095377707,437.0,0.3838
ZRXUSDT,SELL,LIMIT,1701097095103,2516.3,0.3783
ZRXUSDT,BUY,LIMIT,1701097672198,3100.7,0.3939
ZRXUSDT,SELL,LIMIT,1701100150149,3290.6,0.3801
ZRXUSDT,SELL,LIMIT,1701100564389,765.4,0.3796
ZRXUSDT,SELL,LIMIT,1701100571270,7379.2,0.3794
ZRXUSDT,BUY,LIMIT,1701105033079,600.0,0.3965
ZRXUSDT,BUY,LIMIT,1701108618330,550.0,0.3960
ZRXUSDT,SELL,LIMIT,1701111072635,128.9,0.3840
ZRXUSDT,SELL,LIMIT,1701111252194,495.1,0.3817
ZRXUSDT,SELL,LIMIT,1701111581054,3048.7,0.3816
ZRXUSDT,SELL,LIMIT,1701112179894,10823.9,0.3797
ZRXUSDT,SELL,LIMIT,1701114045029,1260.6,0.3811
ZRXUSDT,SELL,LIMIT,1701114140694,34.0,0.3811
ZRXUSDT,SELL,LIMIT,1701114275870,23.5,0.3791
ZRXUSDT,SELL,LIMIT,1701114353198,350.1,0.3788
ZRXUSDT,SELL,LIMIT,1701114463769,31.2,0.3786
ZRXUSDT,SELL,LIMIT,1701114467277,4642.0,0.3786
ZRXUSDT,SELL,LIMIT,1701114474178,371.9,0.3785
ZRXUSDT,SELL,LIMIT,1701114477821,800.7,0.3782
ZRXUSDT,SELL,LIMIT,1701114496461,255.9,0.3777
ZRXUSDT,SELL,LIMIT,1701116993921,444.3,0.3785
ZRXUSDT,BUY,LIMIT,1701120826006,244.3,0.3950
ZRXUSDT,SELL,LIMIT,1701121739123,4579.8,0.3974
ZRXUSDT,BUY,LIMIT,1701122231136,752.2,0.3933
ZRXUSDT,BUY,LIMIT,1701126094002,2584.4,0.3960
ZRXUSDT,BUY,LIMIT,1701126331462,643.1,0.3963
ZRXUSDT,BUY,LIMIT,1701127500246,279.4,0.3975
ZRXUSDT,BUY,LIMIT,1701132928847,787.6,0.3976
ZRXUSDT,SELL,LIMIT,1701137002416,145.0,0.3805
ZRXUSDT,SELL,LIMIT,1701143936236,596.5,0.3774
ZRXUSDT,SELL,LIMIT,1701144374023,206.1,0.3763
ZRXUSDT,SELL,LIMIT,1701145847143,15.6,0.3748
ZRXUSDT,SELL,LIMIT,1701145855162,159.1,0.3745
ZRXUSDT,SELL,LIMIT,1701145856204,155.0,0.3744
ZRXUSDT,SELL,LIMIT,1701146062659,9426.8,0.3734
ZRXUSDT,SELL,LIMIT,1701146231070,4679.7,0.3730
ZRXUSDT,SELL,LIMIT,1701146236117,4824.0,0.3729
ZRXUSDT,SELL,LIMIT,1701146391629,51.6,0.3727
ZRXUSDT,SELL,LIMIT,1701146498519,1170.5,0.3725
ZRXUSDT,SELL,LIMIT,1701146500042,255.4,0.3723
ZRXUSDT,SELL,LIMIT,1701146511124,50.7,0.3723
ZRXUSDT,SELL,LIMIT,1701146964216,544.7,0.3719
ZRXUSDT,SELL,LIMIT,1701147281528,657.7,0.3713
ZRXUSDT,SELL,LIMIT,1701147292453,162.5,0.3710
ZRXUSDT,SELL,LIMIT,1701147653919,7392.6,0.3707
ZRXUSDT,SELL,LIMIT,1701147660697,105.4,0.3707
ZRXUSDT,SELL,LIMIT,1701147873717,8715.3,0.3708
ZRXUSDT,SELL,LIMIT,1701147900068,259.7,0.3704
ZRXUSDT,SELL,LIMIT,1701147947783,75.6,0.3702
ZRXUSDT,SELL,LIMIT,1701147999251,651.6,0.3702
ZRXUSDT,SELL,LIMIT,1701148001638,588.8,0.3701
ZRXUSDT,SELL,LIMIT,1701148008539,55.4,0.3699
ZRXUSDT,SELL,LIMIT,1701148124459,156.6,0.3694
ZRXUSDT,SELL,LIMIT,1701148132254,832.3,0.3692
ZRXUSDT,SELL,LIMIT,1701148140038,353.3,0.3691
ZRXUSDT,SELL,LIMIT,1701148152415,14.9,0.3692
ZRXUSDT,SELL,LIMIT,1701148203108,212.8,0.3689
ZRXUSDT,SELL,LIMIT,1701148942333,49.8,0.3681
ZRXUSDT,SELL,LIMIT,1701148944148,489.4,0.3681
ZRXUSDT,SELL,LIMIT,1701148985332,242.5,0.3676
ZRXUSDT,SELL,LIMIT,1701149087690,19.6,0.3675
ZRXUSDT,SELL,LIMIT,1701149107008,2675.7,0.3674
ZRXUSDT,SELL,LIMIT,1701149109343,13.0,0.3674
ZRXUSDT,SELL,LIMIT,1701149111721,4826.9,0.3673
ZRXUSDT,SELL,LIMIT,1701149112859,6702.2,0.3673
ZRXUSDT,SELL,LIMIT,1701149773377,26.3,0.3670
ZRXUSDT,SELL,LIMIT,1701149782126,792.8,0.3670
ZRXUSDT,SELL,LIMIT,1701149832698,2600.1,0.3669
ZRXUSDT,SELL,LIMIT,1701149838223,249.4,0.3667
ZRXUSDT,SELL,LIMIT,1701149846707,259.4,0.3665
ZRXUSDT,SELL,LIMIT,1701149854705,370.3,0.3666
ZRXUSDT,SELL,LIMIT,1701149879946,11193.0,0.3665
ZRXUSDT,SELL,LIMIT,1701149890983,716.0,0.3664
ZRXUSDT,SELL,LIMIT,1701149895583,12.2,0.3661
ZRXUSDT,SELL,LIMIT,1701149907198,90.2,0.3660
ZRXUSDT,BUY,LIMIT,1701152977323,67.1,0.3871
ZRXUSDT,SELL,LIMIT,1701154046410,200.0,0.3720
ZRXUSDT,SELL,LIMIT,1701155627220,88.7,0.3754
ZRXUSDT,BUY,LIMIT,1701157878236,11787.7,0.3832
ZRXUSDT,BUY,LIMIT,1701158475443,4892.1,0.3867
ZRXUSDT,BUY,LIMIT,1701164951185,1181.4,0.3889
ZRXUSDT,BUY,LIMIT,1701164953238,262.4,0.3890
ZRXUSDT,BUY,LIMIT,1701169157079,63.7,0.3877
ZRXUSDT,BUY,LIMIT,1701171030994,273.8,0.3900
ZRXUSDT,BUY,LIMIT,1701179677775,127.5,0.3927
ZRXUSDT,SELL,LIMIT,1701180979147,660.8,0.3793
ZRXUSDT,SELL,LIMIT,1701185412409,258.7,0.3788
ZRXUSDT,SELL,LIMIT,1701185470637,1290.9,0.3785
ZRXUSDT,BUY,LIMIT,1701186323272,457.8,0.3937
ZRXUSDT,BUY,LIMIT,1701186340096,643.1,0.3952
ZRXUSDT,BUY,LIMIT,1701186355233,1316.6,0.3980
ZRXUSDT,BUY,LIMIT,1701186359164,207.9,0.3994
ZRXUSDT,SELL,LIMIT,1701186440658,11755.7,0.3836
ZRXUSDT,BUY,LIMIT,1701188352156,17.0,0.3942
ZRXUSDT,BUY,LIMIT,1701192021915,1883.1,0.3995
ZRXUSDT,BUY,LIMIT,1701192072621,1996.0,0.4005
ZRXUSDT,BUY,LIMIT,1701195665695,65.0,0.4010
ZRXUSDT,SELL,LIMIT,1701197856290,724.9,0.3882
ZRXUSDT,BUY,LIMIT,1701197859770,1020.0,0.3983
ZRXUSDT,BUY,LIMIT,1701198066966,19.1,0.3999
ZRXUSDT,SELL,LIMIT,1701201638450,284.1,0.3878
ZRXUSDT,BUY,LIMIT,1701213056252,118.6,0.4017
ZRXUSDT,BUY,LIMIT,1701213412253,1857.5,0.4028
ZRXUSDT,BUY,LIMIT,1701213552776,260.4,0.4030
ZRXUSDT,SELL,LIMIT,1701216807284,908.8,0.3892
ZRXUSDT,BUY,LIMIT,1701218057132,50.0,0.4044
ZRXUSDT,SELL,LIMIT,1701219078488,56.3,0.3904
ZRXUSDT,SELL,LIMIT,1701219244271,14.3,0.3926
ZRXUSDT,SELL,LIMIT,1701223382399,1000.7,0.3889
ZRXUSDT,SELL,LIMIT,1701229458158,44.1,0.3845
ZRXUSDT,BUY,LIMIT,1701240714603,1117.9,0.3991
ZRXUSDT,BUY,LIMIT,1701241911320,11172.4,0.4008
ZRXUSDT,BUY,LIMIT,1701243890952,130.2,0.3990
ZRXUSDT,SELL,LIMIT,1701245905074,698.7,0.3865
ZRXUSDT,BUY,LIMIT,1701247359925,275.8,0.4011
ZRXUSDT,BUY,LIMIT,1701248153190,194.1,0.4024
ZRXUSDT,BUY,LIMIT,1701248346028,69.5,0.4026
ZRXUSDT,BUY,LIMIT,1701252163314,1997.6,0.4001
ZRXUSDT,SELL,LIMIT,1701252206729,1931.8,0.3881
ZRXUSDT,SELL,LIMIT,1701252231039,50.5,0.3875
ZRXUSDT,SELL,LIMIT,1701253358371,5084.2,0.3884
ZRXUSDT,SELL,LIMIT,1701254013856,22.3,0.3870
ZRXUSDT,SELL,LIMIT,1701254659487,8030.6,0.3854
ZRXUSDT,SELL,LIMIT,1701261785125,1183.1,0.3914
ZRXUSDT,BUY,LIMIT,1701261937846,34.1,0.4061
ZRXUSDT,SELL,LIMIT,1701262803898,876.5,0.3915
ZRXUSDT,SELL,LIMIT,1701264165725,184.8,0.3891
ZRXUSDT,SELL,LIMIT,1701264327177,42.6,0.3872
ZRXUSDT,SELL,LIMIT,1701264336612,3156.3,0.3868
ZRXUSDT,SELL,LIMIT,1701264350508,464.5,0.3865
ZRXUSDT,SELL,LIMIT,1701264603027,172.2,0.3843
ZRXUSDT,SELL,LIMIT,1701264619346,1936.9,0.3838
ZRXUSDT,BUY,LIMIT,1701264768422,1135.5,0.3988
ZRXUSDT,SELL,LIMIT,1701265771799,65.4,0.4575
ZRXUSDT,BUY,LIMIT,1701266896533,5172.4,0.4074
ZRXUSDT,SELL,LIMIT,1701269159417,855.2,0.3887
ZRXUSDT,SELL,LIMIT,1701269272372,59.9,0.3875
ZRXUSDT,SELL,LIMIT,1701270440184,760.8,0.3841
ZRXUSDT,SELL,LIMIT,1701270606234,118.8,0.3827
ZRXUSDT,SELL,LIMIT,1701270617245,81.1,0.3824
ZRXUSDT,SELL,LIMIT,1701270619212,3840.1,0.3822
ZRXUSDT,SELL,LIMIT,1701270919594,32.4,0.3825
ZRXUSDT,SELL,LIMIT,1701275429322,420.4,0.3839
ZRXUSDT,SELL,LIMIT,1701275772590,633.6,0.3815
ZRXUSDT,SELL,LIMIT,1701275775481,128.8,0.3815
ZRXUSDT,SELL,LIMIT,1701275836074,166.8,0.3807
ZRXUSDT,BUY,LIMIT,1701276479549,2814.1,0.3952
ZRXUSDT,BUY,LIMIT,1701279483559,12.9,0.3978
ZRXUSDT,BUY,LIMIT,1701280996996,772.6,0.4017
ZRXUSDT,SELL,LIMIT,1701283614046,1.3,0.3916
ZRXUSDT,SELL,LIMIT,1701284959210,250.0,0.3953
ZRXUSDT,BUY,LIMIT,1701290151221,43.8,0.4060
ZRXUSDT,BUY,LIMIT,1701290593399,1654.6,0.4068
ZRXUSDT,BUY,LIMIT,1701290776242,1074.8,0.4071
ZRXUSDT,BUY,LIMIT,1701290983200,57.9,0.4089
ZRXUSDT,BUY,LIMIT,1701291079768,268.6,0.4098
ZRXUSDT,BUY,LIMIT,1701291685032,26.8,0.4102
ZRXUSDT,BUY,LIMIT,1701291819193,489.5,0.4107
ZRXUSDT,SELL,LIMIT,1701292470032,1007.0,0.3961
ZRXUSDT,SELL,LIMIT,1701292828312,4940.7,0.3945
ZRXUSDT,SELL,LIMIT,1701293104168,103.8,0.3930
ZRXUSDT,SELL,LIMIT,1701293759603,931.2,0.3920
ZRXUSDT,SELL,LIMIT,1701300288309,12569.1,0.3900
ZRXUSDT,SELL,LIMIT,1701302916730,3720.2,0.3896
ZRXUSDT,SELL,LIMIT,1701302991292,1058.0,0.3891
ZRXUSDT,SELL,LIMIT,1701302993017,5952.0,0.3889
ZRXUSDT,SELL,LIMIT,1701303430285,8000.0,0.3879
ZRXUSDT,SELL,LIMIT,1701303742516,726.8,0.3882
ZRXUSDT,SELL,LIMIT,1701306085047,111.9,0.3864
ZRXUSDT,SELL,LIMIT,1701306390516,342.0,0.3851
ZRXUSDT,SELL,LIMIT,1701306419870,1352.2,0.3854
ZRXUSDT,SELL,LIMIT,1701306421805,901.4,0.3850
ZRXUSDT,SELL,LIMIT,1701306427533,3380.5,0.3853
ZRXUSDT,SELL,LIMIT,1701306529143,450.7,0.3851
ZRXUSDT,SELL,LIMIT,1701306531086,8113.3,0.3850
ZRXUSDT,SELL,LIMIT,1701306533356,901.4,0.3851
ZRXUSDT,SELL,LIMIT,1701308465606,59.0,0.3844
ZRXUSDT,SELL,LIMIT,1701308751719,305.7,0.3839
ZRXUSDT,BUY,LIMIT,1701311998081,88.2,0.3985
ZRXUSDT,SELL,LIMIT,1701319180482,6146.9,0.3849
ZRXUSDT,SELL,LIMIT,1701321115069,248.7,0.3824
ZRXUSDT,SELL,LIMIT,1701323685065,450.7,0.3820
ZRXUSDT,SELL,LIMIT,1701323688894,450.7,0.3821
ZRXUSDT,SELL,LIMIT,1701323712194,75.2,0.3818
ZRXUSDT,SELL,LIMIT,1701323733110,18503.0,0.3805
ZRXUSDT,SELL,LIMIT,1701323745133,2253.7,0.3814
ZRXUSDT,SELL,LIMIT,1701324027106,450.7,0.3814
ZRXUSDT,BUY,LIMIT,1701325194175,438.8,0.3945
ZRXUSDT,SELL,LIMIT,1701326214710,38.5,0.3825
ZRXUSDT,SELL,LIMIT,1701326642369,901.4,0.3821
ZRXUSDT,SELL,LIMIT,1701326824964,167.5,0.3812
ZRXUSDT,SELL,LIMIT,1701327044040,299.0,0.3806
ZRXUSDT,SELL,LIMIT,1701327045157,208.5,0.3803
ZRXUSDT,SELL,LIMIT,1701327046419,3573.0,0.3798
ZRXUSDT,SELL,LIMIT,1701327058420,247.3,0.3796
ZRXUSDT,SELL,LIMIT,1701327059673,450.7,0.3794
ZRXUSDT,SELL,LIMIT,1701328919472,901.4,0.3800
ZRXUSDT,SELL,LIMIT,1701328960182,1102.1,0.3793
ZRXUSDT,SELL,LIMIT,1701328974806,450.7,0.3793
ZRXUSDT,SELL,LIMIT,1701329005502,203.5,0.3791
ZRXUSDT,SELL,LIMIT,1701329103837,250.8,0.3790
ZRXUSDT,SELL,LIMIT,1701329106050,7666.4,0.3790
ZRXUSDT,SELL,LIMIT,1701329107183,27.6,0.3788
ZRXUSDT,SELL,LIMIT,1701330097437,3803.4,0.3787
ZRXUSDT,SELL,LIMIT,1701330138069,450.7,0.3786
ZRXUSDT,SELL,LIMIT,1701330169040,450.7,0.3786
ZRXUSDT,SELL,LIMIT,1701330233727,617.5,0.3779
ZRXUSDT,SELL,LIMIT,1701330956314,450.7,0.3780
ZRXUSDT,SELL,LIMIT,1701331674179,114.6,0.3774
ZRXUSDT,SELL,LIMIT,1701331676244,61.2,0.3771
ZRXUSDT,SELL,LIMIT,1701331688409,316.0,0.3768
ZRXUSDT,SELL,LIMIT,1701331755494,4507.4,0.3769
ZRXUSDT,SELL,LIMIT,1701331762585,450.7,0.3770
ZRXUSDT,SELL,LIMIT,1701332473480,25367.8,0.3748
ZRXUSDT,SELL,LIMIT,1701332621538,3019.4,0.3764
ZRXUSDT,SELL,LIMIT,1701332623396,60.4,0.3762
ZRXUSDT,SELL,LIMIT,1701332624504,15.6,0.3762
ZRXUSDT,SELL,LIMIT,1701332773936,450.7,0.3763
ZRXUSDT,SELL,LIMIT,1701332777163,21994.8,0.3736
ZRXUSDT,SELL,LIMIT,1701332778176,135.3,0.3756
ZRXUSDT,SELL,LIMIT,1701333056181,6174.3,0.3754
ZRXUSDT,SELL,LIMIT,1701335420628,1868.6,0.3757
ZRXUSDT,SELL,LIMIT,1701338483678,511.2,0.3750
ZRXUSDT,BUY,LIMIT,1701344145063,71.9,0.3914
ZRXUSDT,SELL,LIMIT,1701349558237,915.9,0.3787
ZRXUSDT,SELL,LIMIT,1701352524506,294.0,0.3771
